2020 3326
445 234 530 274 236
856 228 1404 269 COMMENTARIUS.

443 368 602 408 iudicio
620 366 791 407 adiecit:
816 364 948 405 »haec
964 372 1104 405 tamen
1123 364 1255 404 refelli
1270 364 1395 404 facile
1411 371 1633 419 poterunt,
1653 382 1800 422 quani-

440 440 624 494 primum
655 438 780 478 fuerit
808 436 932 485 ὅπλοις,
963 437 1007 476 in
1045 435 1173 476 codd.
1206 436 1376 477 vetustis
1405 438 1663 491 repertum.”
1718 438 1795 478 At-

439 510 593 549 tulerat
625 509 736 548 enim
766 509 960 563 exempla
991 507 1217 547 locutionis
1242 511 1340 551 ἥκειν
1371 506 1437 548 σὺν
1467 507 1603 556 ὅπλοις.
1652 509 1702 548 Et
1733 516 1797 550 ta-

437 594 535 620 men
565 580 847 629 Hermannus,
873 580 899 619 i.
919 593 956 619 e.
983 579 1096 618 idem
1123 579 1199 634 qui
1224 578 1347 627 ὅπλοις
1372 580 1525 636 corrigi
1550 580 1704 629 voluit,
1733 595 1798 620 re-

437 652 640 707 cepitque
680 658 900 707 tamquam
944 664 1087 692 veram
1121 651 1397 705 scripturam,
1445 651 1499 691 ab
1541 652 1796 692 contumelia

438 723 647 764 abstinere
679 738 765 763 non
796 723 958 778 potuit,
993 722 1198 762 scribens:
1236 723 1362 762 »Non
1396 723 1524 763 eredo
1551 738 1647 764 eum
1676 724 1794 764 falle-

436 809 481 835 re
507 795 709 835 lectorem
731 795 933 843 voluisse,
959 795 1031 834 sed
1058 795 1251 835 fefellisse
1278 808 1319 834 se
1342 795 1504 850 ipsum,
1531 795 1633 835 (lum
1660 796 1791 851 phra-

437 880 499 906 ses
541 867 649 906 solas
689 866 879 921 captat.''
930 867 1047 906 Haec
1088 867 1245 906 scilicet
1278 866 1509 921 respiciunt
1540 873 1712 916 notam,
1752 869 1795 907 in

436 953 524 994 qua
566 938 671 978 nihil
711 938 786 978 nisi
826 952 925 978 cum
967 938 1137 978 delectu
1181 945 1221 978 et
1260 943 1436 999 κριτικῶς
1473 939 1679 993 scriptum
1713 946 1795 978 est:

436 1010 570 1066 paulo
597 1011 786 1066 plenius,
825 1010 1045 1061 concedo5
1079 1025 1210 1065 quam
1239 1010 1366 1051 hodie
1396 1011 1555 1058 solent,
1591 1024 1699 1065 quos
1724 1025 1800 1065 pu-

435 1083 506 1122 det
546 1089 741 1138 paratam
780 1083 1020 1122 doctrinam
1057 1097 1078 1123 e
1111 1083 1253 1123 lexicis
1287 1089 1327 1123 et
1358 1082 1571 1123 indicibus
1610 1083 1795 1122 haurire.

434 1154 575 1209 Pergit
615 1155 904 1194 Hermannus:
954 1154 1165 1194 »Acutior
1209 1154 1325 1195 haud
1370 1155 1517 1210 paullo
1562 1154 1792 1194 Porsonus:

438 1225 500 1267 τὸν
540 1224 584 1267 δὲ
615 1226 859 1274 Uolusiano-ug
890 1229 994 1267 νέκυν
1024 1227 1211 1281 scripsit,
1249 1227 1389 1267 eiectis
1420 1225 1456 1268 δ’
1480 1225 1518 1275 ὃς
1550 1227 1694 1286 πέρσων
1724 1228 1792 1269 πό·

437 1298 491 1339 λιν
523 1298 698 1358 πατρίδα
729 1297 794 1339 σὺν
827 1298 954 1346 ἄλλοις
986 1295 1129 1343 ἦλθε.”
1186 1298 1417 1354 Exspectas
1459 1298 1542 1339 lioc
1578 1300 1795 1339 inventum

437 1370 517 1410 viri
544 1370 662 1409 haud
693 1370 840 1425 paullo
870 1370 1070 1409 acutioris
1101 1369 1320 1409 laudatum
1346 1371 1420 1409 iri:
1449 1370 1628 1418 falleris,
1656 1383 1797 1410 recen-

438 1447 498 1481 set
540 1442 805 1481 Hermannus
848 1441 1021 1481 Porsoni
1063 1447 1333 1495 argumenta,
1386 1455 1620 1496 eorumque
1663 1456 1794 1481 unuin

426 1512 608 1567 falsum,
639 1513 854 1568 appellat⁷
888 1513 1053 1567 reliqua
1086 1513 1227 1552 levia:
1270 1513 1416 1567 itaque
1448 1512 1500 1552 de
1532 1527 1615 1552 una
1648 1512 1792 1552 fidelia

437 1584 796 1626 Valckenaerium
827 1591 866 1624 et
894 1584 1151 1624 Porsonum:
1194 1583 1267 1623 sed
1304 1584 1409 1623 haec
1444 1584 1587 1632 mitto,
1621 1585 1794 1624 fortasse

435 1655 690 1696 festinationi
722 1655 963 1696 tribuenda.
999 1656 1092 1696 Non
1119 1669 1316 1711 magnam
1342 1655 1470 1695 fidem
1498 1655 1636 1696 habeo
1663 1657 1793 1711 suspi-

436 1727 549 1767 cioni
590 1742 679 1782 qua
718 1727 846 1768 verba
883 1728 1048 1782 aliquot
1079 1741 1103 1767 a
1134 1727 1273 1767 medio
1304 1741 1426 1767 versu
1460 1727 1514 1767 ad
1546 1734 1791 1782 sequentem

437 1799 625 1838 medium
652 1799 922 1839 decurrentia
948 1812 1027 1854 pro
1049 1798 1310 1854 interpolatis
1337 1798 1587 1838 habeantur.
1622 1816 1637 1835 »
1654 1798 1794 1839 Omni-

435 1884 492 1910 no
528 1871 684 1926 (inquit
715 1870 997 1922 Hermannus)
1033 1877 1260 1925 propterea
1293 1876 1457 1909 tantum
1486 1870 1708 1924 Polynices
1736 1871 1794 1910 in-

435 1943 624 1997 sepultus
653 1943 804 1997 proiici
832 1942 1022 1991 iubetur,
1060 1941 1179 1997 quod
1212 1942 1312 1982 civis
1341 1942 1504 1996 patriae
1537 1956 1653 1981 arma
1680 1942 1791 1982 intu-

436 2014 542 2054 lerit.
594 2015 692 2054 Eius
738 2015 796 2054 rei
841 2015 1042 2054 atrocitas
1081 2015 1111 2054 si
1153 2013 1350 2069 augenda
1393 2014 1475 2053 alio
1516 2014 1689 2053 crimine
1730 2028 1792 2054 es-

437 2093 519 2135 set,
555 2086 655 2126 addi
685 2092 876 2142 poterat,
911 2086 1031 2141 quod
1062 2086 1187 2125 aliam
1219 2086 1432 2126 civitatem
1461 2085 1654 2125 hostilem
1682 2085 1791 2126 The-

436 2158 500 2197 bis
530 2158 824 2198 1·ed(lidisset.''
880 2157 1034 2198 Annon
1073 2158 1117 2197 id
1147 2159 1285 2212 ipsum
1316 2157 1420 2197 inest
1451 2156 1588 2197 verbis
1624 2156 1691 2198 σὺν
1720 2157 1792 2198 ἅλ-

438 2229 538 2285 λοις,
572 2231 646 2285 qui
679 2244 777 2269 sane
808 2230 997 2270 Thebani
1028 2243 1114 2269 non
1146 2237 1288 2278 erant,
1322 2243 1402 2269 nec
1433 2229 1654 2284 Polynices
1686 2230 1798 2270 solus

438 2303 524 2341 sine
555 2302 713 2341 auxilio
745 2302 851 2341 alius
882 2302 1060 2341 civitatis
1090 2301 1238 2341 urbem
1271 2315 1423 2356 capere
1453 2307 1635 2355 poterat.
1671 2301 1794 2341 Simi-

438 2373 492 2412 lia
519 2373 710 2428 pleniora
735 2374 932 2429 lcguntur
954 2374 997 2413 in
1018 2373 1329 2428 Xenophonteo
1350 2373 1612 2433 Ἱππαρχικῷ.
1635 2386 1671 2412 c.
1691 2373 1788 2415 VII.

437 2444 495 2483 in.
530 2445 573 2490 ἢν
596 2445 639 2487 δὲ
669 2446 699 2486 οἱ
722 2445 885 2501 πολέμιοι
917 2445 964 2493 εἰς,
995 2447 1061 2490 τὴν
1091 2444 1295 2494 Ἀθηναίων
1318 2447 1450 2505 χώραν
1471 2443 1716 2502 ἐμβάλλωσι,
1736 2469 1793 2474 -

439 2515 506 2556 οὐκ
546 2517 592 2558 ἂν
630 2517 755 2566 ἄλλως
794 2517 955 2572 ἔλθοιεν,
997 2518 1028 2559 εἰ
1067 2520 1118 2574 μὴ
1160 2517 1225 2559 σὺν
1255 2517 1380 2566 ἄλλοις
1412 2519 1565 2559 ἱππεῦσι
1595 2517 1685 2577 πρὸς
1718 2519 1792 2564 τοῖς

440 2586 596 2629 ἑαυτῶν.
644 2590 770 2640 Quod
797 2590 982 2645 denique
1014 2589 1158 2630 scribit
1180 2590 1466 2630 Hermannus:
1504 2589 1580 2629 »id
1606 2603 1705 2629 vero
1737 2589 1790 2628 de

440 2672 514 2698 suo
546 2660 746 2700 adiiceret
774 2660 902 2709 Creo,
938 2662 1007 2701 eui
1038 2662 1285 2717 simpliciter
1313 2676 1369 2702 vs.
1398 2662 1481 2703 777
1501 2675 1596 2716 sqq.
1628 2660 1793 2714 Polyni-

443 2743 534 2769 cem
577 2732 792 2785 sepultura
833 2733 1059 2788 prohibere
1103 2733 1352 2774 mandatum
1395 2733 1550 2782 esset‚”
1599 2732 1680 2772 hoc
1722 2730 1791 2770 ali-
