2020 3326
532 212 1096 256 COMMENTARIUS.
1426 212 1505 252 159

135 355 213 395 ctis
237 361 278 395 et
303 354 493 396 evanidis
516 353 643 392 literis
656 352 874 407 participii
903 350 1085 405 ἐπιτιμῶν
1107 351 1196 390 scil.
1222 350 1367 399 αὐτοῖς.
1404 349 1511 391 Cor-

135 428 227 483 rigo
258 440 438 481 nempe:
471 426 557 481 άγὼ
588 424 793 481 ’πιτιμῶν,
824 425 917 465 ποῖα
949 423 982 465 τ’
1016 423 1057 464 οὐ
1090 423 1208 479 λέγων
1241 426 1341 478 ἔπη,
1380 423 1512 463 instar

136 497 451 539 Demostlienici
483 496 576 537 Pro
613 495 717 537 Cor.
757 496 794 552 ᾗ.
828 495 897 537 48.
938 494 1192 555 ὑβριζομένων
1226 495 1290 537 καὶ
1327 496 1368 537 τί
1395 496 1512 537 κακὸν

134 570 221 627 οὐχὶ
264 571 522 626 πασχόντων5
565 569 855 623 Intelligentes
897 568 981 608 hoc
1024 568 1269 622 explorent,
1318 574 1512 608 teneant-

135 657 223 698 que
249 643 449 682 Tiresiam
475 655 563 681 non
594 655 636 680 se
668 653 896 689 excusare,
940 640 1014 680 sed
1045 640 1216 695 gloriari
1247 641 1390 696 potius
1416 654 1515 681 cum

135 715 430 770 indignatione
483 712 604 767 quod
645 712 819 752 immani
866 712 932 751 isti
975 711 1220 752 crudelitati
1269 711 1514 752 obsistendo

139 787 182 826 in
213 787 416 825 iuvenum
447 783 719 823 iracundiam
749 783 1006 823 incurrisset.

194 855 294 897 889.
339 857 370 898 εἰ
401 858 453 912 μη
485 856 628 913 λόγοισι
659 858 736 904 τοῖς
771 854 874 912 ἐμοῖς
908 871 962 903 τις
995 855 1181 897 πείσεται.
1229 854 1366 895 Perite
1388 855 1514 894 Klot-

136 930 226 969 zius
263 929 557 985 propugnavit
594 942 673 983 pro
706 928 804 968 sede
835 927 1098 982 pronominis
1130 925 1184 974 τὶς
1197 961 1213 981 ‚
1257 926 1379 981 quod
1410 926 1515 966 Por-

138 1015 266 1041 sonus
295 1007 391 1057 post
421 1001 543 1057 λόγοις
578 1005 913 1054 transposuerat.
951 999 1071 1038 Idem
1098 1004 1215 1038 recte
1243 998 1298 1038 ad
1328 1012 1388 1039 vs.
1413 997 1514 1038 896.

140 1075 235 1115 τοῖσι
287 1074 353 1118 την
395 1073 517 1129 τύχην
559 1072 794 1128 κεκτημένοις
837 1071 941 1114 πόλει
982 1072 1202 1130 παρασχεῖν
1257 1070 1338 1113 κτὲ.
1395 1076 1518 1110 notat

141 1145 288 1185 Schol.
323 1145 434 1201 Aug.
478 1145 599 1201 τύχην
641 1145 993 1199 interpretantem
1037 1142 1234 1198 εὐτυχίαν.
1290 1142 1434 1181 Posuit
1466 1141 1520 1181 de

141 1217 349 1257 industria
378 1217 605 1272 Euripides
632 1216 677 1255 id
705 1215 828 1270 quod
855 1214 1076 1268 duplicem
1104 1213 1281 1254 liaberet
1310 1215 1520 1268 interpre-

147 1289 374 1337 tationem,
408 1288 509 1328 boni
538 1295 577 1328 et
609 1287 732 1327 mali:
767 1286 869 1326 item
894 1284 993 1325 901.
1027 1299 1117 1340 quo
1144 1285 1377 1340 respiciens
1404 1285 1519 1324 Tire-

143 1360 223 1400 sias
253 1374 313 1401 vs.
338 1358 439 1399 918.
472 1359 610 1400 verbis
647 1357 777 1403 ἐπειδὴ
811 1359 879 1402 την
901 1357 1022 1413 τύχην
1045 1356 1159 1406 αὐτὸς
1180 1357 1311 1406 καλεῖς
1348 1356 1522 1396 demum

145 1431 451 1471 calamitatem
484 1430 695 1485 intelligit.

203 1501 303 1543 920.
359 1507 457 1562 ἅπερ
499 1503 639 1562 πέφυκε
683 1504 838 1556 ταῦτα,
880 1502 1061 1559 κάνάγκη
1104 1517 1148 1543 σε
1177 1500 1294 1561 δρᾶν.
1349 1499 1400 1540 In
1436 1498 1521 1539 1100

141 1574 327 1615 obscuro
354 1588 557 1629 responso
584 1574 766 1614 Tiresiae
796 1574 971 1629 languet
995 1577 1151 1628 ταῦτα,
1185 1574 1214 1613 si
1246 1572 1301 1613 ad
1326 1570 1427 1632 δρᾶν
1455 1584 1522 1611 re-

145 1647 340 1686 traxeris:
370 1647 517 1701 itaque
546 1646 678 1686 incidi
706 1652 803 1701 post
820 1648 963 1688 ταῦτα.
1009 1646 1095 1686 Sed
1114 1645 1310 1685 Klotzius
1336 1642 1524 1684 scribens

146 1723 246 1778 ἅπερ
281 1719 449 1778 πέφυκε,
480 1721 607 1760 ταῦτα
639 1718 819 1775 κάνάγκη
852 1734 894 1759 σε
927 1717 1056 1778 δρᾶν,
1098 1717 1242 1758 vertit:
1276 1729 1393 1772 qaae
1425 1728 1522 1755 eve-

144 1796 337 1839 nerunt,
388 1805 442 1831 ea
474 1793 611 1831 etiam
647 1805 829 1831 neeesse
873 1796 939 1831 est
978 1796 1021 1831 te
1042 1789 1238 1846 facere:
1294 1785 1523 1842 oportebat

147 1876 247 1903 sane
283 1876 381 1903 eum
416 1863 641 1903 ostendere
676 1862 899 1918 quomodo
936 1863 1034 1918 quis
1065 1862 1208 1902 facere
1238 1859 1369 1915 possit
1402 1857 1524 1913 quod

147 1935 231 1973 iam
263 1934 465 1975 evenerit.
499 1934 704 1984 Videtur,
738 1935 816 1975 nisi
846 1935 995 1980 fallor,
1030 1934 1114 1974 hoc
1146 1931 1390 1973 confudisse
1423 1943 1524 1970 cum

148 2005 232 2045 hac
262 2005 636 2060 interpretatione:
671 2020 978 2061 qaaecumque
993 2004 1105 2060 fato
1136 2005 1387 2045 constituta,
1416 2006 1524 2041 sunt

150 2083 197 2118 m?
216 2077 346 2133 fiant
379 2083 463 2116 cet.
506 2077 592 2116 Sed
627 2077 735 2117 haec
767 2077 974 2117 sententia
1005 2090 1060 2116 ne
1091 2075 1321 2132 respondet
1347 2072 1525 2129 quidem

151 2147 422 2189 admirationi
460 2146 673 2188 Creontis:
715 2148 831 2203 quid
864 2150 960 2197 ais,
1005 2147 1127 2204 quod
1154 2146 1335 2187 verbam
1360 2149 1524 2200 protu-

151 2218 286 2261 listi?
326 2219 508 2275 Elegans
537 2218 714 2274 quidem
750 2225 811 2259 est
845 2218 1146 2261 Valckenaerii
1177 2216 1386 2271 suspicio:
1419 2215 1524 2274 εἴπερ

152 2294 310 2352 πέφυκε,
334 2293 377 2332 in
397 2305 530 2346 quam
554 2290 705 2331 incidit
732 2297 912 2346 propter
936 2290 1184 2331 varietatem
1212 2288 1266 2328 ab
1285 2287 1524 2328 Scholiasta

154 2371 362 2405 servatam
388 2364 429 2402 in
458 2362 654 2417 proximo
685 2376 829 2402 versu:
862 2363 904 2404 τί
933 2367 1030 2419 φῄς,1
1061 2360 1149 2418 ἐμὸν
1181 2359 1293 2402 παῖδ’
1324 2361 1431 2402 ἕνεκα
1453 2365 1525 2416 γῆς

154 2436 301 2496 σφάξαι
331 2435 485 2490 θέλεις,
518 2448 631 2488 quae
659 2448 712 2474 ne
739 2434 1015 2474 histrionibus
1043 2433 1222 2489 quidem
1249 2432 1379 2488 digna
1404 2438 1523 2481 sunt,

153 2510 230 2564 qui
257 2514 372 2549 certe
403 2505 727 2561 ambiguitatem
754 2505 951 2547 evitaturi
969 2511 1108 2545 erant:
1140 2505 1198 2544 sic
1218 2504 1330 2544 enim
1356 2509 1526 2559 rogaret

154 2580 315 2621 Creon:
349 2581 478 2620 visne
498 2578 656 2632 filium
674 2592 816 2617 meam
839 2576 1074 2618 mactare?
1104 2575 1226 2631 quod
1250 2589 1328 2630 per
1357 2588 1398 2615 se
1425 2575 1525 2629 qui-

156 2651 254 2692 dem
281 2664 369 2691 non
399 2649 633 2691 absurdum
664 2655 742 2697 est,
778 2649 879 2689 coll.
910 2663 968 2690 vs.
994 2647 1094 2689 931.
1127 2647 1201 2688 sed
1226 2660 1313 2688 non
1339 2646 1525 2702 quadrat

155 2724 332 2779 κάνάγκη
364 2738 407 2764 σε
439 2720 554 2780 δρόὶν.
611 2720 868 2775 Requiritur
898 2721 941 2761 in
977 2732 1179 2775 responso
1211 2720 1423 2760 veritatis
1458 2732 1526 2758 as-
