<?xml version="1.0" encoding="UTF-8"?>
<!DOCTYPE html PUBLIC "-//W3C//DTD XHTML 1.0 Transitional//EN"
    "http://www.w3.org/TR/xhtml1/DTD/xhtml1-transitional.dtd">
<html xmlns="http://www.w3.org/1999/xhtml" xml:lang="en" lang="en">
 <head>
  <title>
</title>
<meta http-equiv="Content-Type" content="text/html;charset=utf-8" />
  <meta name='ocr-system' content='tesseract 3.04.00' />
  <meta name='ocr-capabilities' content='ocr_page ocr_carea ocr_par ocr_line ocrx_word'/>
</head>
<body>
  <div class='ocr_page' id='page_1' title='image "./phoenissaecumcom00euriuoft_0166.png"; bbox 0 0 2020 3326; ppageno 0'>
   <div class='ocr_carea' id='block_1_1' title="bbox 369 197 1320 242">
    <p class='ocr_par' dir='ltr' id='par_1_1' title="bbox 369 197 1320 242">
     <span class='ocr_line' id='line_1_1' title="bbox 369 197 1320 242; baseline -0.006 -1"><span class='ocrx_word' id='word_1_1' title='bbox 369 202 445 242; x_wconf 57' lang='lat'>1413</span> <span class='ocrx_word' id='word_1_2' title='bbox 760 197 1320 240; x_wconf 76' lang='lat' dir='ltr'><strong>COMMENTARIUS.</strong></span> 
     </span>
    </p>
   </div>
   <div class='ocr_carea' id='block_1_2' title="bbox 362 332 1753 2740">
    <p class='ocr_par' dir='ltr' id='par_1_2' title="bbox 362 332 1753 2740">
     <span class='ocr_line' id='line_1_2' title="bbox 422 332 1729 391; baseline -0.006 -13"><span class='ocrx_word' id='word_1_3' title='bbox 422 336 517 378; x_wconf 79' lang='grc'><strong>758.</strong></span> <span class='ocrx_word' id='word_1_4' title='bbox 569 335 636 376; x_wconf 69' lang='grc' dir='ltr'>διὰ</span> <span class='ocrx_word' id='word_1_5' title='bbox 667 338 800 390; x_wconf 64' lang='grc' dir='ltr'>μάχης</span> <span class='ocrx_word' id='word_1_6' title='bbox 832 334 927 374; x_wconf 71' lang='grc' dir='ltr'>ἑλεῖν</span> <span class='ocrx_word' id='word_1_7' title='bbox 959 332 1057 391; x_wconf 68' lang='grc' dir='ltr'><em>δορί.</em></span> <span class='ocrx_word' id='word_1_8' title='bbox 1106 332 1251 371; x_wconf 74' lang='lat' dir='ltr'>Lectio</span> <span class='ocrx_word' id='word_1_9' title='bbox 1292 332 1448 385; x_wconf 62' lang='grc' dir='ltr'>ἐλθεῖν,</span> <span class='ocrx_word' id='word_1_10' title='bbox 1489 347 1601 386; x_wconf 74' lang='lat' dir='ltr'>quae</span> <span class='ocrx_word' id='word_1_11' title='bbox 1634 340 1729 388; x_wconf 80' lang='lat' dir='ltr'>post</span> 
     </span>
     <span class='ocr_line' id='line_1_3' title="bbox 362 402 1731 459; baseline -0.003 -12"><span class='ocrx_word' id='word_1_12' title='bbox 362 406 641 447; x_wconf 82' lang='lat' dir='ltr'>Abrescliium</span> <span class='ocrx_word' id='word_1_13' title='bbox 681 406 725 445; x_wconf 88' lang='lat' dir='ltr'>in</span> <span class='ocrx_word' id='word_1_14' title='bbox 767 405 933 459; x_wconf 77' lang='lat' dir='ltr'>aliquot</span> <span class='ocrx_word' id='word_1_15' title='bbox 979 402 1107 442; x_wconf 85' lang='lat' dir='ltr'><strong>codd.</strong></span> <span class='ocrx_word' id='word_1_16' title='bbox 1152 409 1323 457; x_wconf 86' lang='lat' dir='ltr'>reperta</span> <span class='ocrx_word' id='word_1_17' title='bbox 1362 409 1445 451; x_wconf 88' lang='lat' dir='ltr'>est,</span> <span class='ocrx_word' id='word_1_18' title='bbox 1492 402 1610 442; x_wconf 89' lang='lat' dir='ltr'>haud</span> <span class='ocrx_word' id='word_1_19' title='bbox 1650 404 1731 443; x_wconf 86' lang='lat' dir='ltr'>du-</span> 
     </span>
     <span class='ocr_line' id='line_1_4' title="bbox 364 474 1735 530; baseline -0.004 -13"><span class='ocrx_word' id='word_1_20' title='bbox 364 478 432 517; x_wconf 85' lang='lat' dir='ltr'>bie</span> <span class='ocrx_word' id='word_1_21' title='bbox 471 484 530 516; x_wconf 90' lang='lat' dir='ltr'>est</span> <span class='ocrx_word' id='word_1_22' title='bbox 571 475 625 515; x_wconf 89' lang='lat' dir='ltr'>ab</span> <span class='ocrx_word' id='word_1_23' title='bbox 682 475 829 530; x_wconf 81' lang='lat' dir='ltr'>aliquo</span> <span class='ocrx_word' id='word_1_24' title='bbox 888 480 1153 514; x_wconf 86' lang='lat' dir='ltr'>correctore:</span> <span class='ocrx_word' id='word_1_25' title='bbox 1211 474 1281 514; x_wconf 88' lang='lat' dir='ltr'>eui</span> <span class='ocrx_word' id='word_1_26' title='bbox 1335 474 1465 513; x_wconf 87' lang='lat' dir='ltr'>miror</span> <span class='ocrx_word' id='word_1_27' title='bbox 1506 474 1735 513; x_wconf 82' lang='lat' dir='ltr'>nonnullos</span> 
     </span>
     <span class='ocr_line' id='line_1_5' title="bbox 364 544 1735 604; baseline -0.001 -18"><span class='ocrx_word' id='word_1_28' title='bbox 364 546 740 602; x_wconf 77' lang='lat' dir='ltr'><strong>obtemperavisse:</strong></span> <span class='ocrx_word' id='word_1_29' title='bbox 789 559 888 585; x_wconf 85' lang='lat' dir='ltr'>nam</span> <span class='ocrx_word' id='word_1_30' title='bbox 931 544 998 587; x_wconf 73' lang='grc' dir='ltr'>διὰ</span> <span class='ocrx_word' id='word_1_31' title='bbox 1030 547 1165 601; x_wconf 71' lang='grc' dir='ltr'>μάχης</span> <span class='ocrx_word' id='word_1_32' title='bbox 1198 546 1417 604; x_wconf 62' lang='grc' dir='ltr'>ἔρχεσθαι,</span> <span class='ocrx_word' id='word_1_33' title='bbox 1450 550 1548 590; x_wconf 67' lang='grc' dir='ltr'>ἣκειν</span> <span class='ocrx_word' id='word_1_34' title='bbox 1563 580 1579 600; x_wconf 70' lang='lat'>,</span> <span class='ocrx_word' id='word_1_35' title='bbox 1611 544 1735 600; x_wconf 65' lang='grc' dir='ltr'>μολεῖν</span> 
     </span>
     <span class='ocr_line' id='line_1_6' title="bbox 367 616 1733 673; baseline -0.001 -17"><span class='ocrx_word' id='word_1_36' title='bbox 367 632 531 673; x_wconf 81' lang='lat' dir='ltr'>semper</span> <span class='ocrx_word' id='word_1_37' title='bbox 566 617 801 657; x_wconf 85' lang='lat' dir='ltr'>necessario</span> <span class='ocrx_word' id='word_1_38' title='bbox 834 616 1086 656; x_wconf 75' lang='lat' dir='ltr'>adiunctum</span> <span class='ocrx_word' id='word_1_39' title='bbox 1115 617 1273 657; x_wconf 80' lang='lat' dir='ltr'>liabent</span> <span class='ocrx_word' id='word_1_40' title='bbox 1305 617 1495 657; x_wconf 87' lang='lat' dir='ltr'>dativum</span> <span class='ocrx_word' id='word_1_41' title='bbox 1527 630 1733 672; x_wconf 76' lang='lat' dir='ltr'>personae</span> 
     </span>
     <span class='ocr_line' id='line_1_7' title="bbox 369 687 1737 744; baseline -0.001 -15"><span class='ocrx_word' id='word_1_42' title='bbox 369 703 559 743; x_wconf 85' lang='lat' dir='ltr'>quaeum</span> <span class='ocrx_word' id='word_1_43' title='bbox 591 703 738 744; x_wconf 84' lang='lat' dir='ltr'>pugna</span> <span class='ocrx_word' id='word_1_44' title='bbox 771 688 1029 728; x_wconf 89' lang='lat' dir='ltr'>conseritur:</span> <span class='ocrx_word' id='word_1_45' title='bbox 1074 689 1221 743; x_wconf 82' lang='lat' dir='ltr'>itaque</span> <span class='ocrx_word' id='word_1_46' title='bbox 1251 703 1333 728; x_wconf 91' lang='lat' dir='ltr'>una</span> <span class='ocrx_word' id='word_1_47' title='bbox 1366 687 1610 738; x_wconf 62' lang='grc' dir='ltr'>ξυσταὲέντα</span> <span class='ocrx_word' id='word_1_48' title='bbox 1642 703 1737 728; x_wconf 88' lang='lat' dir='ltr'>mu-</span> 
     </span>
     <span class='ocr_line' id='line_1_8' title="bbox 371 758 1737 814; baseline -0.001 -14"><span class='ocrx_word' id='word_1_49' title='bbox 371 761 550 800; x_wconf 87' lang='lat' dir='ltr'>tandum</span> <span class='ocrx_word' id='word_1_50' title='bbox 593 766 682 800; x_wconf 85' lang='lat' dir='ltr'>erat</span> <span class='ocrx_word' id='word_1_51' title='bbox 728 760 770 799; x_wconf 88' lang='lat' dir='ltr'>in</span> <span class='ocrx_word' id='word_1_52' title='bbox 812 758 1059 809; x_wconf 60' lang='grc' dir='ltr'>ξυσταθέντι.</span> <span class='ocrx_word' id='word_1_53' title='bbox 1117 760 1377 814; x_wconf 87' lang='lat' dir='ltr'>Sequentem</span> <span class='ocrx_word' id='word_1_54' title='bbox 1420 768 1561 800; x_wconf 86' lang='lat' dir='ltr'>autem</span> <span class='ocrx_word' id='word_1_55' title='bbox 1604 774 1662 800; x_wconf 80' lang='lat' dir='ltr'>vs.</span> <span class='ocrx_word' id='word_1_56' title='bbox 1697 767 1737 799; x_wconf 82' lang='lat' dir='ltr'>et</span> 
     </span>
     <span class='ocr_line' id='line_1_9' title="bbox 375 831 1738 887; baseline -0.001 -16"><span class='ocrx_word' id='word_1_57' title='bbox 375 831 508 879; x_wconf 77' lang='lat'>1381,</span> <span class='ocrx_word' id='word_1_58' title='bbox 565 831 638 871; x_wconf 81' lang='lat' dir='ltr'>ubi</span> <span class='ocrx_word' id='word_1_59' title='bbox 685 831 835 871; x_wconf 85' lang='lat' dir='ltr'>eadem</span> <span class='ocrx_word' id='word_1_60' title='bbox 880 831 1008 872; x_wconf 86' lang='lat' dir='ltr'>verba</span> <span class='ocrx_word' id='word_1_61' title='bbox 1055 831 1262 879; x_wconf 81' lang='lat' dir='ltr'>redeunt,</span> <span class='ocrx_word' id='word_1_62' title='bbox 1322 837 1542 887; x_wconf 84' lang='lat' dir='ltr'>suspectos</span> <span class='ocrx_word' id='word_1_63' title='bbox 1587 831 1738 871; x_wconf 84' lang='lat' dir='ltr'>habuit</span> 
     </span>
     <span class='ocr_line' id='line_1_10' title="bbox 372 903 1737 957; baseline -0.002 -13"><span class='ocrx_word' id='word_1_64' title='bbox 372 903 730 944; x_wconf 83' lang='lat' dir='ltr'>Valckenaerius:</span> <span class='ocrx_word' id='word_1_65' title='bbox 783 916 863 943; x_wconf 85' lang='lat' dir='ltr'>nec</span> <span class='ocrx_word' id='word_1_66' title='bbox 903 903 1079 942; x_wconf 86' lang='lat' dir='ltr'>mirum:</span> <span class='ocrx_word' id='word_1_67' title='bbox 1122 903 1256 942; x_wconf 80' lang='lat' dir='ltr'>videri</span> <span class='ocrx_word' id='word_1_68' title='bbox 1286 916 1408 957; x_wconf 84' lang='lat' dir='ltr'>posse</span> <span class='ocrx_word' id='word_1_69' title='bbox 1439 903 1644 942; x_wconf 79' lang='lat' dir='ltr'>alterutro</span> <span class='ocrx_word' id='word_1_70' title='bbox 1675 903 1737 941; x_wconf 91' lang='lat' dir='ltr'>lo-</span> 
     </span>
     <span class='ocr_line' id='line_1_11' title="bbox 374 973 1739 1015; baseline -0.001 -2"><span class='ocrx_word' id='word_1_71' title='bbox 374 989 425 1014; x_wconf 72' lang='lat' dir='ltr'>eo</span> <span class='ocrx_word' id='word_1_72' title='bbox 463 974 692 1015; x_wconf 85' lang='lat' dir='ltr'>delendum</span> <span class='ocrx_word' id='word_1_73' title='bbox 725 988 811 1014; x_wconf 89' lang='lat' dir='ltr'>esse</span> <span class='ocrx_word' id='word_1_74' title='bbox 844 976 1052 1014; x_wconf 73' lang='lat' dir='ltr'>concessit</span> <span class='ocrx_word' id='word_1_75' title='bbox 1084 974 1363 1014; x_wconf 82' lang='lat' dir='ltr'>Hermannus.</span> <span class='ocrx_word' id='word_1_76' title='bbox 1413 974 1508 1013; x_wconf 88' lang='lat' dir='ltr'>Non</span> <span class='ocrx_word' id='word_1_77' title='bbox 1535 973 1644 1013; x_wconf 87' lang='lat' dir='ltr'>male</span> <span class='ocrx_word' id='word_1_78' title='bbox 1675 979 1739 1012; x_wconf 86' lang='lat' dir='ltr'>ta-</span> 
     </span>
     <span class='ocr_line' id='line_1_12' title="bbox 369 1044 1740 1105; baseline -0.002 -19"><span class='ocrx_word' id='word_1_79' title='bbox 369 1061 464 1086; x_wconf 88' lang='lat' dir='ltr'>men</span> <span class='ocrx_word' id='word_1_80' title='bbox 510 1047 730 1087; x_wconf 83' lang='lat' dir='ltr'>Klotzius:</span> <span class='ocrx_word' id='word_1_81' title='bbox 786 1048 961 1105; x_wconf 71' lang='grc' dir='ltr'>»άντήρη</span> <span class='ocrx_word' id='word_1_82' title='bbox 1004 1044 1139 1100; x_wconf 74' lang='grc' dir='ltr'>λαβεῖν</span> <span class='ocrx_word' id='word_1_83' title='bbox 1186 1052 1246 1086; x_wconf 85' lang='lat' dir='ltr'>est</span> <span class='ocrx_word' id='word_1_84' title='bbox 1289 1045 1623 1100; x_wconf 68' lang='lat' dir='ltr'>deprehendere</span> <span class='ocrx_word' id='word_1_85' title='bbox 1668 1051 1740 1084; x_wconf 85' lang='lat' dir='ltr'>aut</span> 
     </span>
     <span class='ocr_line' id='line_1_13' title="bbox 373 1116 1740 1177; baseline 0 -22"><span class='ocrx_word' id='word_1_86' title='bbox 373 1118 595 1172; x_wconf 68' lang='lat' dir='ltr'>qffendere</span> <span class='ocrx_word' id='word_1_87' title='bbox 620 1125 905 1173; x_wconf 75' lang='lat' dir='ltr'>pugnantem,</span> <span class='ocrx_word' id='word_1_88' title='bbox 930 1118 1026 1159; x_wconf 72' lang='grc' dir='ltr'>ἑλεῖν</span> <span class='ocrx_word' id='word_1_89' title='bbox 1047 1116 1136 1177; x_wconf 65' lang='grc' dir='ltr'><em>δορί</em></span> <span class='ocrx_word' id='word_1_90' title='bbox 1157 1118 1243 1157; x_wconf 74' lang='lat' dir='ltr'>telo</span> <span class='ocrx_word' id='word_1_91' title='bbox 1268 1119 1466 1165; x_wconf 60' lang='lat' dir='ltr'>vem-ere,</span> <span class='ocrx_word' id='word_1_92' title='bbox 1495 1116 1608 1156; x_wconf 86' lang='lat' dir='ltr'>unde</span> <span class='ocrx_word' id='word_1_93' title='bbox 1636 1129 1740 1155; x_wconf 90' lang='lat' dir='ltr'>eon-</span> 
     </span>
     <span class='ocr_line' id='line_1_14' title="bbox 373 1188 1742 1244; baseline -0.002 -15"><span class='ocrx_word' id='word_1_94' title='bbox 373 1204 555 1244; x_wconf 80' lang='lat' dir='ltr'>sequens</span> <span class='ocrx_word' id='word_1_95' title='bbox 599 1189 771 1229; x_wconf 87' lang='lat' dir='ltr'>demum</span> <span class='ocrx_word' id='word_1_96' title='bbox 812 1196 871 1229; x_wconf 84' lang='lat' dir='ltr'>est</span> <span class='ocrx_word' id='word_1_97' title='bbox 911 1193 1061 1231; x_wconf 75' lang='grc' dir='ltr'>κτανεῖν</span> <span class='ocrx_word' id='word_1_98' title='bbox 1103 1188 1344 1229; x_wconf 41' lang='lat' dir='ltr'>occideres</span> <span class='ocrx_word' id='word_1_99' title='bbox 1402 1188 1527 1227; x_wconf 87' lang='lat' dir='ltr'>Dicas</span> <span class='ocrx_word' id='word_1_100' title='bbox 1567 1188 1742 1227; x_wconf 84' lang='lat' dir='ltr'>sortasse</span> 
     </span>
     <span class='ocr_line' id='line_1_15' title="bbox 378 1259 1745 1316; baseline -0.003 -14"><span class='ocrx_word' id='word_1_101' title='bbox 378 1261 511 1316; x_wconf 87' lang='lat' dir='ltr'>paulo</span> <span class='ocrx_word' id='word_1_102' title='bbox 553 1261 805 1315; x_wconf 85' lang='lat' dir='ltr'>prudentius</span> <span class='ocrx_word' id='word_1_103' title='bbox 847 1275 997 1301; x_wconf 82' lang='lat' dir='ltr'>curare</span> <span class='ocrx_word' id='word_1_104' title='bbox 1041 1261 1255 1301; x_wconf 81' lang='lat' dir='ltr'>Eteoclen]</span> <span class='ocrx_word' id='word_1_105' title='bbox 1295 1274 1348 1300; x_wconf 89' lang='lat' dir='ltr'>ne</span> <span class='ocrx_word' id='word_1_106' title='bbox 1381 1275 1513 1299; x_wconf 87' lang='lat' dir='ltr'>unum</span> <span class='ocrx_word' id='word_1_107' title='bbox 1542 1259 1745 1300; x_wconf 85' lang='lat' dir='ltr'>victoriae</span> 
     </span>
     <span class='ocr_line' id='line_1_16' title="bbox 375 1330 1742 1387; baseline -0.001 -17"><span class='ocrx_word' id='word_1_108' title='bbox 375 1332 662 1386; x_wconf 72' lang='lat' dir='ltr'>reportandae</span> <span class='ocrx_word' id='word_1_109' title='bbox 695 1333 876 1387; x_wconf 82' lang='lat' dir='ltr'>gradum</span> <span class='ocrx_word' id='word_1_110' title='bbox 916 1334 1107 1380; x_wconf 86' lang='lat' dir='ltr'>omittat,</span> <span class='ocrx_word' id='word_1_111' title='bbox 1153 1333 1371 1387; x_wconf 80' lang='lat' dir='ltr'>planeque</span> <span class='ocrx_word' id='word_1_112' title='bbox 1411 1330 1633 1371; x_wconf 86' lang='lat' dir='ltr'>abundare</span> <span class='ocrx_word' id='word_1_113' title='bbox 1669 1336 1742 1369; x_wconf 86' lang='lat' dir='ltr'>aut</span> 
     </span>
     <span class='ocr_line' id='line_1_17' title="bbox 377 1401 1743 1457; baseline -0.002 -14"><span class='ocrx_word' id='word_1_114' title='bbox 377 1417 437 1443; x_wconf 79' lang='lat' dir='ltr'>vs.</span> <span class='ocrx_word' id='word_1_115' title='bbox 471 1402 576 1451; x_wconf 84' lang='lat'>758,</span> <span class='ocrx_word' id='word_1_116' title='bbox 612 1410 684 1442; x_wconf 89' lang='lat' dir='ltr'>aut</span> <span class='ocrx_word' id='word_1_117' title='bbox 712 1403 807 1444; x_wconf 81' lang='lat'>759.</span> <span class='ocrx_word' id='word_1_118' title='bbox 849 1402 933 1443; x_wconf 79' lang='lat' dir='ltr'>Sed</span> <span class='ocrx_word' id='word_1_119' title='bbox 965 1403 1089 1443; x_wconf 84' lang='lat' dir='ltr'>huius</span> <span class='ocrx_word' id='word_1_120' title='bbox 1121 1403 1395 1457; x_wconf 78' lang='lat' dir='ltr'>loquacitatis</span> <span class='ocrx_word' id='word_1_121' title='bbox 1426 1402 1555 1455; x_wconf 84' lang='lat' dir='ltr'>eulpa</span> <span class='ocrx_word' id='word_1_122' title='bbox 1588 1401 1639 1440; x_wconf 88' lang='lat' dir='ltr'>sit</span> <span class='ocrx_word' id='word_1_123' title='bbox 1666 1414 1743 1454; x_wconf 87' lang='lat' dir='ltr'>pe-</span> 
     </span>
     <span class='ocr_line' id='line_1_18' title="bbox 377 1472 1743 1526; baseline -0.003 -12"><span class='ocrx_word' id='word_1_124' title='bbox 377 1489 449 1514; x_wconf 80' lang='lat' dir='ltr'>nes</span> <span class='ocrx_word' id='word_1_125' title='bbox 477 1475 674 1514; x_wconf 80' lang='lat' dir='ltr'>Poetam:</span> <span class='ocrx_word' id='word_1_126' title='bbox 723 1475 829 1514; x_wconf 85' lang='lat' dir='ltr'>haec</span> <span class='ocrx_word' id='word_1_127' title='bbox 862 1489 960 1515; x_wconf 86' lang='lat' dir='ltr'>sane</span> <span class='ocrx_word' id='word_1_128' title='bbox 991 1475 1195 1515; x_wconf 85' lang='lat' dir='ltr'>dicuntur</span> <span class='ocrx_word' id='word_1_129' title='bbox 1237 1487 1382 1514; x_wconf 86' lang='lat' dir='ltr'>coram</span> <span class='ocrx_word' id='word_1_130' title='bbox 1413 1472 1618 1520; x_wconf 88' lang='lat' dir='ltr'>Creonte,</span> <span class='ocrx_word' id='word_1_131' title='bbox 1667 1472 1743 1526; x_wconf 88' lang='lat' dir='ltr'>qui</span> 
     </span>
     <span class='ocr_line' id='line_1_19' title="bbox 377 1542 1742 1600; baseline -0.002 -16"><span class='ocrx_word' id='word_1_132' title='bbox 377 1546 597 1600; x_wconf 76' lang='lat' dir='ltr'>colloquio</span> <span class='ocrx_word' id='word_1_133' title='bbox 637 1546 814 1586; x_wconf 86' lang='lat' dir='ltr'>fratrum</span> <span class='ocrx_word' id='word_1_134' title='bbox 854 1560 941 1586; x_wconf 85' lang='lat' dir='ltr'>non</span> <span class='ocrx_word' id='word_1_135' title='bbox 982 1544 1119 1585; x_wconf 85' lang='lat' dir='ltr'>adfuit</span> <span class='ocrx_word' id='word_1_136' title='bbox 1160 1558 1238 1584; x_wconf 87' lang='lat' dir='ltr'>nee</span> <span class='ocrx_word' id='word_1_137' title='bbox 1277 1544 1355 1584; x_wconf 90' lang='lat' dir='ltr'>scit</span> <span class='ocrx_word' id='word_1_138' title='bbox 1387 1543 1494 1598; x_wconf 85' lang='lat' dir='ltr'>quid</span> <span class='ocrx_word' id='word_1_139' title='bbox 1525 1542 1601 1582; x_wconf 89' lang='lat' dir='ltr'>sibi</span> <span class='ocrx_word' id='word_1_140' title='bbox 1635 1543 1742 1583; x_wconf 88' lang='lat' dir='ltr'>invi—</span> 
     </span>
     <span class='ocr_line' id='line_1_20' title="bbox 378 1614 1743 1657; baseline -0.002 -2"><span class='ocrx_word' id='word_1_141' title='bbox 378 1632 470 1657; x_wconf 60' lang='lat' dir='ltr'>‹tein</span> <span class='ocrx_word' id='word_1_142' title='bbox 499 1618 541 1657; x_wconf 89' lang='lat' dir='ltr'>in</span> <span class='ocrx_word' id='word_1_143' title='bbox 572 1617 660 1657; x_wconf 87' lang='lat' dir='ltr'>eius</span> <span class='ocrx_word' id='word_1_144' title='bbox 689 1618 803 1657; x_wconf 85' lang='lat' dir='ltr'>exitu</span> <span class='ocrx_word' id='word_1_145' title='bbox 834 1618 979 1657; x_wconf 89' lang='lat' dir='ltr'>minati</span> <span class='ocrx_word' id='word_1_146' title='bbox 1011 1617 1114 1657; x_wconf 89' lang='lat' dir='ltr'>sint:</span> <span class='ocrx_word' id='word_1_147' title='bbox 1149 1630 1199 1656; x_wconf 88' lang='lat' dir='ltr'>ae</span> <span class='ocrx_word' id='word_1_148' title='bbox 1232 1616 1405 1656; x_wconf 86' lang='lat' dir='ltr'>fortasse</span> <span class='ocrx_word' id='word_1_149' title='bbox 1436 1614 1552 1654; x_wconf 90' lang='lat' dir='ltr'>hunc</span> <span class='ocrx_word' id='word_1_150' title='bbox 1578 1628 1743 1654; x_wconf 83' lang='lat' dir='ltr'>versum</span> 
     </span>
     <span class='ocr_line' id='line_1_21' title="bbox 379 1685 1742 1744; baseline -0.003 -16"><span class='ocrx_word' id='word_1_151' title='bbox 379 1690 556 1729; x_wconf 66' lang='lat' dir='ltr'>consilio</span> <span class='ocrx_word' id='word_1_152' title='bbox 591 1689 757 1728; x_wconf 75' lang='lat' dir='ltr'>addidit</span> <span class='ocrx_word' id='word_1_153' title='bbox 781 1689 1024 1744; x_wconf 75' lang='lat' dir='ltr'>Euripides,</span> <span class='ocrx_word' id='word_1_154' title='bbox 1064 1701 1154 1742; x_wconf 86' lang='lat' dir='ltr'>quo</span> <span class='ocrx_word' id='word_1_155' title='bbox 1189 1687 1428 1727; x_wconf 80' lang='lat' dir='ltr'>excusatior</span> <span class='ocrx_word' id='word_1_156' title='bbox 1458 1692 1560 1725; x_wconf 86' lang='lat' dir='ltr'>esset</span> <span class='ocrx_word' id='word_1_157' title='bbox 1583 1685 1742 1726; x_wconf 87' lang='lat' dir='ltr'>Creon-</span> 
     </span>
     <span class='ocr_line' id='line_1_22' title="bbox 381 1757 1745 1813; baseline -0.002 -14"><span class='ocrx_word' id='word_1_158' title='bbox 381 1762 409 1799; x_wconf 95' lang='lat' dir='ltr'>ti</span> <span class='ocrx_word' id='word_1_159' title='bbox 443 1761 680 1800; x_wconf 78' lang='lat' dir='ltr'>immanitas</span> <span class='ocrx_word' id='word_1_160' title='bbox 718 1760 907 1800; x_wconf 84' lang='lat' dir='ltr'>mandati</span> <span class='ocrx_word' id='word_1_161' title='bbox 948 1774 1005 1801; x_wconf 80' lang='lat' dir='ltr'>vs.</span> <span class='ocrx_word' id='word_1_162' title='bbox 1040 1759 1124 1801; x_wconf 91' lang='lat'>777</span> <span class='ocrx_word' id='word_1_163' title='bbox 1154 1773 1251 1813; x_wconf 75' lang='lat' dir='ltr'>sqq.</span> <span class='ocrx_word' id='word_1_164' title='bbox 1285 1758 1338 1797; x_wconf 88' lang='lat' dir='ltr'>de</span> <span class='ocrx_word' id='word_1_165' title='bbox 1369 1771 1455 1797; x_wconf 88' lang='lat' dir='ltr'>non</span> <span class='ocrx_word' id='word_1_166' title='bbox 1501 1757 1745 1811; x_wconf 84' lang='lat' dir='ltr'>sepeliendo</span> 
     </span>
     <span class='ocr_line' id='line_1_23' title="bbox 380 1827 1748 1886; baseline -0.003 -16"><span class='ocrx_word' id='word_1_167' title='bbox 380 1832 596 1885; x_wconf 72' lang='lat' dir='ltr'>Polynice.</span> <span class='ocrx_word' id='word_1_168' title='bbox 654 1832 848 1886; x_wconf 84' lang='lat' dir='ltr'>Denique</span> <span class='ocrx_word' id='word_1_169' title='bbox 889 1846 966 1871; x_wconf 82' lang='lat' dir='ltr'>cur</span> <span class='ocrx_word' id='word_1_170' title='bbox 1004 1845 1061 1872; x_wconf 82' lang='lat' dir='ltr'>vs.</span> <span class='ocrx_word' id='word_1_171' title='bbox 1097 1829 1195 1872; x_wconf 79' lang='lat'><strong>759.</strong></span> <span class='ocrx_word' id='word_1_172' title='bbox 1235 1829 1510 1884; x_wconf 79' lang='lat' dir='ltr'>interpolaret</span> <span class='ocrx_word' id='word_1_173' title='bbox 1553 1827 1748 1867; x_wconf 85' lang='lat' dir='ltr'>librarius</span> 
     </span>
     <span class='ocr_line' id='line_1_24' title="bbox 384 1899 1747 1957; baseline -0.004 -15"><span class='ocrx_word' id='word_1_174' title='bbox 384 1904 450 1942; x_wconf 83' lang='lat' dir='ltr'>vix</span> <span class='ocrx_word' id='word_1_175' title='bbox 493 1917 621 1942; x_wconf 83' lang='lat' dir='ltr'>eausa</span> <span class='ocrx_word' id='word_1_176' title='bbox 665 1903 811 1957; x_wconf 85' lang='lat' dir='ltr'>aliqua</span> <span class='ocrx_word' id='word_1_177' title='bbox 844 1901 1076 1957; x_wconf 78' lang='lat' dir='ltr'>excogitari</span> <span class='ocrx_word' id='word_1_178' title='bbox 1108 1906 1269 1955; x_wconf 85' lang='lat' dir='ltr'>potest:</span> <span class='ocrx_word' id='word_1_179' title='bbox 1314 1914 1414 1939; x_wconf 89' lang='lat' dir='ltr'>nam</span> <span class='ocrx_word' id='word_1_180' title='bbox 1453 1899 1574 1953; x_wconf 85' lang='lat' dir='ltr'>quod</span> <span class='ocrx_word' id='word_1_181' title='bbox 1603 1912 1747 1938; x_wconf 86' lang='lat' dir='ltr'>recur-</span> 
     </span>
     <span class='ocr_line' id='line_1_25' title="bbox 384 1970 1744 2025; baseline -0.004 -12"><span class='ocrx_word' id='word_1_182' title='bbox 384 1981 478 2014; x_wconf 79' lang='lat' dir='ltr'>runt</span> <span class='ocrx_word' id='word_1_183' title='bbox 511 1974 662 2014; x_wconf 82' lang='lat' dir='ltr'>eadem</span> <span class='ocrx_word' id='word_1_184' title='bbox 687 1973 815 2015; x_wconf 84' lang='lat' dir='ltr'>verba</span> <span class='ocrx_word' id='word_1_185' title='bbox 845 1988 902 2014; x_wconf 79' lang='lat' dir='ltr'>vs.</span> <span class='ocrx_word' id='word_1_186' title='bbox 935 1972 1057 2013; x_wconf 80' lang='lat'>1381.</span> <span class='ocrx_word' id='word_1_187' title='bbox 1087 1972 1143 2012; x_wconf 92' lang='lat' dir='ltr'>ibi</span> <span class='ocrx_word' id='word_1_188' title='bbox 1170 1971 1389 2011; x_wconf 89' lang='lat' dir='ltr'>recordari</span> <span class='ocrx_word' id='word_1_189' title='bbox 1419 1970 1558 2025; x_wconf 83' lang='lat' dir='ltr'>potuit</span> <span class='ocrx_word' id='word_1_190' title='bbox 1581 1983 1744 2017; x_wconf 89' lang='lat' dir='ltr'>versus,</span> 
     </span>
     <span class='ocr_line' id='line_1_26' title="bbox 385 2040 1751 2099; baseline -0.004 -14"><span class='ocrx_word' id='word_1_191' title='bbox 385 2046 459 2099; x_wconf 67' lang='lat' dir='ltr'>qui</span> <span class='ocrx_word' id='word_1_192' title='bbox 503 2052 601 2085; x_wconf 89' lang='lat' dir='ltr'>ante</span> <span class='ocrx_word' id='word_1_193' title='bbox 638 2046 678 2085; x_wconf 90' lang='lat' dir='ltr'>in</span> <span class='ocrx_word' id='word_1_194' title='bbox 718 2045 839 2085; x_wconf 88' lang='lat' dir='ltr'>simili</span> <span class='ocrx_word' id='word_1_195' title='bbox 871 2045 1074 2084; x_wconf 85' lang='lat' dir='ltr'>sententia</span> <span class='ocrx_word' id='word_1_196' title='bbox 1109 2043 1292 2097; x_wconf 85' lang='lat' dir='ltr'>scriptus</span> <span class='ocrx_word' id='word_1_197' title='bbox 1323 2048 1433 2089; x_wconf 89' lang='lat' dir='ltr'>erat,</span> <span class='ocrx_word' id='word_1_198' title='bbox 1479 2040 1751 2095; x_wconf 87' lang='lat' dir='ltr'>eundemque</span> 
     </span>
     <span class='ocr_line' id='line_1_27' title="bbox 386 2112 1750 2171; baseline -0.005 -14"><span class='ocrx_word' id='word_1_199' title='bbox 386 2118 656 2171; x_wconf 83' lang='lat' dir='ltr'>interpolare.</span> <span class='ocrx_word' id='word_1_200' title='bbox 707 2117 835 2168; x_wconf 84' lang='lat' dir='ltr'>Quod</span> <span class='ocrx_word' id='word_1_201' title='bbox 865 2117 893 2155; x_wconf 87' lang='lat' dir='ltr'>si</span> <span class='ocrx_word' id='word_1_202' title='bbox 927 2130 986 2156; x_wconf 86' lang='lat' dir='ltr'>vs.</span> <span class='ocrx_word' id='word_1_203' title='bbox 1019 2113 1140 2155; x_wconf 80' lang='lat'>1381.</span> <span class='ocrx_word' id='word_1_204' title='bbox 1171 2113 1224 2153; x_wconf 87' lang='lat' dir='ltr'>ab</span> <span class='ocrx_word' id='word_1_205' title='bbox 1256 2112 1460 2167; x_wconf 87' lang='lat' dir='ltr'>Euripide</span> <span class='ocrx_word' id='word_1_206' title='bbox 1491 2118 1574 2160; x_wconf 88' lang='lat' dir='ltr'>est,</span> <span class='ocrx_word' id='word_1_207' title='bbox 1609 2124 1750 2165; x_wconf 87' lang='lat' dir='ltr'>neque</span> 
     </span>
     <span class='ocr_line' id='line_1_28' title="bbox 386 2184 1749 2241; baseline -0.006 -13"><span class='ocrx_word' id='word_1_208' title='bbox 386 2190 439 2230; x_wconf 84' lang='lat' dir='ltr'>ab</span> <span class='ocrx_word' id='word_1_209' title='bbox 477 2188 749 2229; x_wconf 85' lang='lat' dir='ltr'>histrionibus</span> <span class='ocrx_word' id='word_1_210' title='bbox 777 2194 965 2228; x_wconf 85' lang='lat' dir='ltr'>mutatus</span> <span class='ocrx_word' id='word_1_211' title='bbox 1008 2184 1383 2241; x_wconf 84' lang='lat' dir='ltr'>(quandoquidem</span> <span class='ocrx_word' id='word_1_212' title='bbox 1417 2184 1657 2223; x_wconf 69' lang='lat' dir='ltr'>occisionis</span> <span class='ocrx_word' id='word_1_213' title='bbox 1685 2188 1749 2221; x_wconf 87' lang='lat' dir='ltr'>ta-</span> 
     </span>
     <span class='ocr_line' id='line_1_29' title="bbox 383 2254 1753 2311; baseline -0.007 -10"><span class='ocrx_word' id='word_1_214' title='bbox 383 2275 480 2301; x_wconf 87' lang='lat' dir='ltr'>men</span> <span class='ocrx_word' id='word_1_215' title='bbox 514 2260 672 2300; x_wconf 88' lang='lat' dir='ltr'>mentio</span> <span class='ocrx_word' id='word_1_216' title='bbox 703 2260 939 2300; x_wconf 85' lang='lat' dir='ltr'>necessaria</span> <span class='ocrx_word' id='word_1_217' title='bbox 971 2272 1056 2298; x_wconf 86' lang='lat' dir='ltr'>esse</span> <span class='ocrx_word' id='word_1_218' title='bbox 1098 2257 1233 2298; x_wconf 87' lang='lat' dir='ltr'>videri</span> <span class='ocrx_word' id='word_1_219' title='bbox 1268 2255 1452 2311; x_wconf 85' lang='lat' dir='ltr'>potest),</span> <span class='ocrx_word' id='word_1_220' title='bbox 1485 2254 1681 2309; x_wconf 87' lang='lat' dir='ltr'>profecto</span> <span class='ocrx_word' id='word_1_221' title='bbox 1713 2259 1753 2292; x_wconf 85' lang='lat' dir='ltr'>et</span> 
     </span>
     <span class='ocr_line' id='line_1_30' title="bbox 388 2324 1752 2387; baseline -0.008 -14"><span class='ocrx_word' id='word_1_222' title='bbox 388 2333 568 2387; x_wconf 83' lang='lat' dir='ltr'>penuria</span> <span class='ocrx_word' id='word_1_223' title='bbox 600 2331 828 2371; x_wconf 85' lang='lat' dir='ltr'>verborum</span> <span class='ocrx_word' id='word_1_224' title='bbox 861 2330 1071 2370; x_wconf 85' lang='lat' dir='ltr'>laboravit</span> <span class='ocrx_word' id='word_1_225' title='bbox 1102 2335 1141 2368; x_wconf 90' lang='lat' dir='ltr'>et</span> <span class='ocrx_word' id='word_1_226' title='bbox 1175 2327 1389 2368; x_wconf 84' lang='lat' dir='ltr'>Eteoelem</span> <span class='ocrx_word' id='word_1_227' title='bbox 1421 2326 1543 2366; x_wconf 88' lang='lat' dir='ltr'>nimis</span> <span class='ocrx_word' id='word_1_228' title='bbox 1574 2324 1752 2378; x_wconf 87' lang='lat' dir='ltr'>impium</span> 
     </span>
     <span class='ocr_line' id='line_1_31' title="bbox 388 2394 1751 2458; baseline -0.009 -14"><span class='ocrx_word' id='word_1_229' title='bbox 388 2404 531 2452; x_wconf 79' lang='lat' dir='ltr'>finxit,</span> <span class='ocrx_word' id='word_1_230' title='bbox 579 2403 653 2458; x_wconf 89' lang='lat' dir='ltr'>qui</span> <span class='ocrx_word' id='word_1_231' title='bbox 693 2416 838 2442; x_wconf 88' lang='lat' dir='ltr'>coram</span> <span class='ocrx_word' id='word_1_232' title='bbox 875 2399 1117 2441; x_wconf 86' lang='lat' dir='ltr'>hominibus</span> <span class='ocrx_word' id='word_1_233' title='bbox 1152 2399 1351 2455; x_wconf 77' lang='lat' dir='ltr'>simulare</span> <span class='ocrx_word' id='word_1_234' title='bbox 1383 2396 1569 2453; x_wconf 86' lang='lat' dir='ltr'>potuerit</span> <span class='ocrx_word' id='word_1_235' title='bbox 1602 2394 1751 2433; x_wconf 81' lang='lat' dir='ltr'>falsam</span> 
     </span>
     <span class='ocr_line' id='line_1_32' title="bbox 392 2467 1749 2520; baseline -0.007 -8"><span class='ocrx_word' id='word_1_236' title='bbox 392 2475 705 2514; x_wconf 83' lang='lat' dir='ltr'>inimicitiarum</span> <span class='ocrx_word' id='word_1_237' title='bbox 733 2487 930 2520; x_wconf 85' lang='lat' dir='ltr'>eausam,</span> <span class='ocrx_word' id='word_1_238' title='bbox 960 2485 1076 2512; x_wconf 88' lang='lat' dir='ltr'>nunc</span> <span class='ocrx_word' id='word_1_239' title='bbox 1108 2484 1208 2510; x_wconf 89' lang='lat' dir='ltr'>vero</span> <span class='ocrx_word' id='word_1_240' title='bbox 1236 2470 1465 2510; x_wconf 83' lang='lat' dir='ltr'>Minervam</span> <span class='ocrx_word' id='word_1_241' title='bbox 1490 2467 1619 2505; x_wconf 78' lang='lat' dir='ltr'>Deam</span> <span class='ocrx_word' id='word_1_242' title='bbox 1651 2478 1749 2518; x_wconf 82' lang='lat' dir='ltr'>pre-</span> 
     </span>
     <span class='ocr_line' id='line_1_33' title="bbox 391 2535 1751 2598; baseline -0.005 -16"><span class='ocrx_word' id='word_1_243' title='bbox 391 2551 524 2585; x_wconf 74' lang='lat' dir='ltr'>cetur.</span> <span class='ocrx_word' id='word_1_244' title='bbox 577 2545 798 2585; x_wconf 82' lang='lat' dir='ltr'>Praeterea</span> <span class='ocrx_word' id='word_1_245' title='bbox 834 2545 877 2584; x_wconf 89' lang='lat' dir='ltr'>in</span> <span class='ocrx_word' id='word_1_246' title='bbox 911 2558 1007 2583; x_wconf 80' lang='lat' dir='ltr'>eum</span> <span class='ocrx_word' id='word_1_247' title='bbox 1038 2542 1215 2598; x_wconf 84' lang='lat' dir='ltr'>quidem</span> <span class='ocrx_word' id='word_1_248' title='bbox 1252 2541 1395 2580; x_wconf 90' lang='lat' dir='ltr'>locum</span> <span class='ocrx_word' id='word_1_249' title='bbox 1430 2536 1646 2577; x_wconf 82' lang='lat' dir='ltr'>excusatio</span> <span class='ocrx_word' id='word_1_250' title='bbox 1680 2535 1751 2575; x_wconf 87' lang='lat' dir='ltr'>illa</span> 
     </span>
     <span class='ocr_line' id='line_1_34' title="bbox 387 2607 1751 2661; baseline -0.007 -8"><span class='ocrx_word' id='word_1_251' title='bbox 387 2628 473 2654; x_wconf 86' lang='lat' dir='ltr'>non</span> <span class='ocrx_word' id='word_1_252' title='bbox 510 2615 646 2655; x_wconf 87' lang='lat' dir='ltr'>cadit:</span> <span class='ocrx_word' id='word_1_253' title='bbox 691 2616 749 2655; x_wconf 90' lang='lat' dir='ltr'>ita</span> <span class='ocrx_word' id='word_1_254' title='bbox 796 2616 907 2655; x_wconf 92' lang='lat' dir='ltr'>enim</span> <span class='ocrx_word' id='word_1_255' title='bbox 937 2621 1112 2654; x_wconf 85' lang='lat' dir='ltr'>ornatus</span> <span class='ocrx_word' id='word_1_256' title='bbox 1154 2619 1212 2652; x_wconf 90' lang='lat' dir='ltr'>est</span> <span class='ocrx_word' id='word_1_257' title='bbox 1249 2626 1273 2651; x_wconf 90' lang='lat' dir='ltr'>a</span> <span class='ocrx_word' id='word_1_258' title='bbox 1299 2612 1429 2650; x_wconf 88' lang='lat' dir='ltr'>Poeta</span> <span class='ocrx_word' id='word_1_259' title='bbox 1461 2614 1507 2647; x_wconf 88' lang='lat' dir='ltr'>ut</span> <span class='ocrx_word' id='word_1_260' title='bbox 1539 2607 1751 2661; x_wconf 78' lang='lat' dir='ltr'>potiorem</span> 
     </span>
     <span class='ocr_line' id='line_1_35' title="bbox 387 2677 1750 2740; baseline -0.005 -16"><span class='ocrx_word' id='word_1_261' title='bbox 387 2699 471 2724; x_wconf 84' lang='lat' dir='ltr'>esse.</span> <span class='ocrx_word' id='word_1_262' title='bbox 507 2699 679 2726; x_wconf 85' lang='lat' dir='ltr'>eausam</span> <span class='ocrx_word' id='word_1_263' title='bbox 714 2686 926 2740; x_wconf 79' lang='lat' dir='ltr'>Polynicis</span> <span class='ocrx_word' id='word_1_264' title='bbox 959 2699 1092 2740; x_wconf 85' lang='lat' dir='ltr'>quam</span> <span class='ocrx_word' id='word_1_265' title='bbox 1122 2683 1305 2724; x_wconf 90' lang='lat' dir='ltr'>Eteoelis</span> <span class='ocrx_word' id='word_1_266' title='bbox 1345 2685 1572 2736; x_wconf 84' lang='lat' dir='ltr'>appareat,</span> <span class='ocrx_word' id='word_1_267' title='bbox 1617 2677 1671 2717; x_wconf 88' lang='lat' dir='ltr'>ad</span> <span class='ocrx_word' id='word_1_268' title='bbox 1700 2678 1750 2717; x_wconf 87' lang='lat' dir='ltr'>il-</span> 
     </span>
    </p>
   </div>
  </div>
 </body>
</html>
