2020 3326
514 268 593 307 148
911 265 1471 307 COMMENTARIUS.

513 416 684 442 causam
721 400 915 441 lectionis
954 400 1037 440 hoc
1072 407 1175 440 teste
1206 400 1469 440 obtinuisset.
1512 401 1751 443 Sententia:
1786 419 1875 443 non,

512 478 672 512 cantas
699 471 964 526 adpulcros
1005 471 1163 511 choros
1190 470 1431 526 formosae
1464 473 1712 513 z'uventeclc's
1753 489 1876 515 coro-

515 546 588 583 nis
621 543 871 584 redimitae.

571 613 672 655 794.
737 613 821 655 οὐδ’
854 613 924 656 ὑπὸ
966 614 1206 673 θυρσομανεῖ
1233 636 1291 643 -—
1332 611 1482 660 δινεύεις
1534 613 1614 654 κτὲ.
1690 613 1881 669 Apparet

515 685 692 726 verbum
720 684 871 733 ὃινεύεις
899 691 1047 725 contra
1075 691 1256 724 metrum
1286 698 1502 739 pugnare:
1533 685 1646 725 unde
1676 686 1882 725 Herman-

515 772 595 796 nus
633 757 686 797 de
723 758 971 798 coniectura
1008 756 1173 811 scripsit
1201 754 1307 809 ὃίνα.
1354 754 1518 796 Caeteri
1548 756 1797 812 interpretes
1824 757 1884 796 ni-

517 828 575 867 hil
606 828 729 882 quod
761 830 933 884 placeat
964 828 1163 868 dixerunt
1195 827 1248 867 de
1283 827 1366 867 hoc
1398 828 1517 876 loco,
1558 829 1634 882 qui
1666 827 1884 868 Bacchico

519 899 668 940 afflatu
698 899 896 940 laborare
926 899 1108 941 videtur.
1152 899 1195 939 Si
1226 900 1490 959 θυρσομανεῖ,
1524 899 1582 939 sic
1614 898 1806 939 absolute
1837 899 1885 939 si-

519 985 573 1011 ne
604 971 786 1012 articulo
812 971 1019 1026 positum.
1055 970 1277 1011 Bacchum
1309 970 1550 1026 significare
1575 976 1738 1025 potest,
1777 976 1885 1010 tarn-

522 1057 655 1097 quam
694 1056 851 1083 nomen
888 1042 1112 1097 proprium
1157 1042 1222 1096 (ut
1257 1040 1412 1101 βρόμιος
1443 1047 1483 1081 et
1512 1043 1602 1089 εὕιος
1634 1041 1808 1095 passim,
1843 1048 1885 1081 et

523 1114 633 1154 infra
670 1113 792 1154 1023.
829 1110 860 1155 ὦ
884 1117 1115 1172 πτεροῦσσα.
1156 1114 1280 1153 1123.
1311 1115 1519 1160 πανόπτην.
1554 1112 1679 1152 Arist.
1717 1112 1883 1152 leesm.

526 1186 625 1225 315.
658 1186 934 1246 χρυσολύρης),
969 1185 1053 1226 hoc
1083 1185 1257 1225 fortasse
1280 1185 1474 1239 placeat:
1513 1182 1594 1225 οὐδ’
1627 1182 1698 1225 υπὸ
1729 1184 1887 1243 Θυρσο-

526 1260 642 1313 μανεῖ
667 1256 848 1317 νεβρίδων
880 1259 978 1313 μέτα
999 1255 1110 1304 δινεῖς
1133 1261 1283 1316 ἅρμασι
1306 1281 1362 1285 ——
1385 1256 1511 1299 πῶλον
1523 1291 1539 1311 ,
1571 1256 1746 1311 Ἰσμηνοῦ
1767 1253 1805 1296 δ’
1827 1254 1886 1298 ἐπὶ

524 1330 690 1385 χεύμασι
729 1328 810 1370 κτὲ.
864 1329 964 1368 Mihi
1004 1327 1181 1383 quidem
1219 1334 1389 1382 praeter
1433 1328 1764 1368 controversiam
1803 1340 1887 1367 esse

522 1400 715 1448 videtur,
744 1400 852 1440 sicut
882 1414 1010 1454 supra
1041 1399 1107 1440 ουκ
1140 1398 1200 1439 ἐπὶ
1233 1398 1472 1458 καλλιχόροις
1505 1399 1571 1441 κτὲ
1601 1422 1659 1429 ——-
1688 1399 1792 1440 ἀλλὰ
1821 1397 1889 1440 σὺν

523 1471 736 1530 ὁπλοφόροις,
757 1470 851 1526 κτέ,
872 1471 929 1510 ita
955 1484 1072 1510 nunc
1101 1471 1266 1525 opponi
1295 1469 1378 1511 ουδ’
1400 1470 1473 1512 ὑπὸ
1493 1472 1731 1530 θυρσομανεῖ
1747 1470 1812 1512 κτὲ
1832 1495 1888 1500 —

525 1544 698 1600 Ἰσμηνοῦ
730 1543 766 1585 δ’
788 1542 847 1585 ἐπὶ
879 1541 1047 1598 χεύμασι
1080 1540 1160 1583 κτὲ.
1210 1541 1350 1596 Supra
1381 1548 1655 1597 comparatus
1676 1548 1736 1581 est
1762 1547 1890 1598 κῶμος

522 1616 759 1656 bacchicus
791 1628 889 1654 cum
924 1615 1042 1670 κώμῳ
1073 1612 1266 1662 militari3
1312 1627 1429 1653 nunc
1461 1613 1681 1653 confertur
1718 1614 1890 1669 auriga-

524 1689 582 1727 tio
612 1686 824 1727 bacchica
861 1685 1114 1739 equitationi
1143 1683 1336 1723 bellicae.
1376 1683 1633 1724 Adhibenda
1661 1698 1710 1723 ex
1732 1684 1887 1724 Acsch.

522 1758 644 1813 Sept.
676 1757 739 1797 ad
769 1757 804 1796 Τ
801 1756 841 1796 Ιι.
874 1754 974 1796 446.
1004 1759 1136 1802 ἵππους
1166 1753 1204 1795 δ’
1227 1753 1264 1795 ἐν
1304 1755 1566 1814 ἀμπυκτῆρσιν
1597 1753 1890 1815 ἐμβριμωμένας

525 1829 630 1871 δινεῖ.
693 1828 885 1883 Denique
929 1825 965 1867 δ’
1005 1840 1084 1882 pro
1123 1826 1155 1867 τ’
1197 1825 1363 1867 videtur
1402 1826 1646 1866 confirmari
1677 1827 1890 1881 particula

527 1900 792 1942 adversativa
836 1899 972 1953 ἀλλα,
1014 1911 1127 1952 quae
1170 1897 1213 1937 in
1254 1897 1419 1952 aliquot
1451 1897 1580 1937 codd.
1615 1903 1711 1937 ante
1741 1902 1888 1957 ἅρμασι

525 1977 722 2028 apparet.

583 2042 685 2084 806.
734 2043 968 2101 χιονοτρόφον
998 2045 1104 2098 ὄμμα
1136 2042 1352 2100 Κιθαιρών.
1399 2040 1647 2082 alliludc'ne
1689 2046 1732 2080 et
1771 2042 1889 2080 m'vz‘-

525 2116 603 2157 bus
633 2117 902 2171 conspicuus
937 2112 1198 2154 Cc'llzaeron.

582 2186 682 2227 819.
729 2185 810 2228 οὐδ’
844 2186 875 2226 οἲ
907 2187 959 2242 μὴ
988 2186 1133 2241 νόμιμοι
1166 2209 1221 2213 -
1253 2184 1365 2240 λέχος
1397 2180 1531 2228 ἦλθεν.
1586 2182 1682 2222 Non
1714 2181 1890 2237 quidem

528 2258 582 2299 ab
613 2247 728 2298 omni
764 2264 886 2313 parte
925 2257 1152 2304 satisfacit,
1192 2268 1272 2295 nec
1306 2261 1446 2294 tamen
1477 2267 1684 2308 umquam
1723 2253 1890 2292 reticeri

523 2329 651 2369 (lebet
691 2329 908 2383 ingeniosa
943 2327 1173 2366 Hei-manni
1215 2326 1485 2365 coniectura:
1531 2324 1612 2366 οὐδ’
1643 2325 1674 2365 οἱ
1706 2325 1758 2380 μὴ
1786 2326 1889 2379 νόμι-

527 2403 595 2457 μόν
637 2415 727 2440 ποτε
761 2400 892 2457 ματέρι
925 2396 1041 2440 παῖδε
1074 2397 1277 2453 λόχευμα,
1319 2400 1526 2453 μιάσματα
1558 2397 1714 2454 πατρός.
1761 2393 1816 2435 ’Ἡ
1848 2411 1888 2436 τε

525 2473 700 2528 συναιμον
731 2471 841 2527 λέχος
871 2467 1005 2514 ἦλθεν.
1042 2470 1203 2508 Horum
1230 2475 1412 2508 metrum
1440 2466 1628 2507 concinit
1655 2479 1754 2505 cum
1780 2472 1888 2506 stro-

522 2544 637 2599 pha,
676 2542 849 2597 qualem
879 2542 942 2582 vir
967 2540 1242 2596 peritissimus
1276 2540 1487 2579 instruxit.
1533 2537 1808 2591 Quicumque
1835 2537 1889 2577 de

528 2615 599 2653 illa
644 2613 840 2661 dubitat,
888 2612 932 2652 in
978 2610 1243 2665 antistropha
1288 2622 1465 2664 quoquc
1507 2607 1678 2647 haereat
1717 2621 1887 2647 necesse

522 2690 610 2731 est,
641 2683 889 2738 praesertim
920 2682 1023 2736 quia
1050 2680 1367 2720 Hermanniana
1398 2678 1604 2718 restitutio
1636 2678 1886 2718 sententiam

520 2767 604 2793 non
648 2754 776 2808 plane
818 2753 1009 2794 absolvit.
1072 2751 1172 2791 Mihi
1214 2749 1373 2804 requiri
1412 2748 1610 2790 videntur
1642 2748 1884 2789 huiusmodi
