2020 3326
420 259 498 300 184
817 256 1381 299 COMMENTARIUS.

420 401 532 435 stae.
576 395 735 436 Verum
766 393 932 432 addidit
963 392 1111 432 Poeta:
1152 398 1193 432 el
1221 394 1368 449 clypei
1397 398 1526 451 ne'ger
1556 399 1680 439 umbo
1711 415 1788 441 ecc„

419 467 507 513 «m,
553 466 717 519 reliqua
749 478 826 504 suo
865 476 982 502 more
1020 476 1192 503 ornans.
1244 464 1334 505 lam
1366 466 1561 507 videmur
1597 470 1790 524 aliquam

419 537 728 576 correctionem
760 541 922 575 tentare
952 548 1095 589 posse:
1132 535 1283 584 veluti,
1315 538 1510 593 neglecta
1541 553 1696 595 pausa:

941 605 982 646 ἐκ
1015 604 1060 647 δὲ
1090 605 1286 662 κλίμακων

565 677 814 738 ἐσφενδονᾶτο
847 676 964 737 χωρὶς
996 678 1171 723 ἀλλήλων
1204 677 1304 733 βέλει

563 753 671 810 κόρυς
703 750 768 807 μὲν
799 750 847 798 εἰς
881 750 1117 806 ”Ολυμττον,
1160 751 1284 808 αἰχμὴ
1318 750 1355 792 δ’
1379 752 1427 800 εἰς
1459 754 1604 809 χθόνα.

419 823 594 863 Scilicet
624 824 708 863 telo
739 826 948 882 κεραυνοῦ,
989 822 1111 877 quod
1143 823 1271 863 modo
1309 826 1604 878 praecesserit:
1650 824 1789 880 βοέλλεε

419 900 605 953 κεραυυῷ;
652 895 707 935 cf.
743 895 904 950 Suppl.
937 893 1038 935 860.
1081 890 1121 936 οὗ
1154 893 1263 949 βέλος
1296 894 1479 939 διέπτατο
1491 932 1508 952 ,
1551 904 1591 937 et
1628 898 1788 940 Valck.

422 967 476 1006 ad
507 966 646 1022 Ilz'pp.
673 965 771 1008 530.
804 973 843 1006 et
875 981 1143 1022 quamquam
1174 967 1340 1023 longius
1372 968 1425 1008 ab
1453 969 1671 1009 literarum
1701 970 1787 1009 sor-

416 1038 495 1077 mis
526 1037 650 1077 abeat
681 1038 825 1092 ἀσπίς,
859 1038 1058 1078 malueris
1090 1037 1201 1086 hoc,
1244 1039 1365 1093 quod
1395 1040 1544 1080 melius
1572 1042 1787 1081 socientur

414 1109 551 1164 galea
581 1112 776 1150 cristata
807 1116 847 1149 et
877 1110 1087 1165 elypezffl,
1135 1109 1469 1164 accuratiusque
1500 1111 1678 1167 clypeus
1709 1125 1788 1166 per

418 1183 560 1220 aerem
601 1181 712 1221 volvi
755 1180 947 1228 dicatur,
995 1187 1217 1236 tamquam
1261 1181 1395 1221 funda
1431 1181 1579 1223 iactus.
1619 1206 1675 1212 —-
1714 1183 1787 1223 His

417 1250 539 1305 quasi
566 1251 788 1300 restitutis,
836 1251 1024 1291 brachia
1065 1258 1104 1291 et
1139 1266 1276 1292 crura
1320 1251 1459 1293 herois
1491 1267 1513 1293 e
1544 1253 1690 1294 volatu
1719 1267 1787 1294 re-

420 1321 628 1361 trahenda
659 1328 769 1362 sunt.
812 1323 891 1363 Hic
920 1329 1062 1363 autem
1094 1337 1243 1363 vereor
1271 1337 1324 1363 ne
1349 1324 1521 1366 Veteres
1550 1331 1589 1365 et
1616 1325 1787 1381 Euripi-

419 1393 492 1433 des
531 1393 722 1433 Ixionem
775 1400 894 1434 rotae
946 1408 1158 1433 annexum
1209 1395 1330 1435 aliter
1385 1395 1462 1435 sibi
1508 1396 1788 1452 cogitaverint

417 1479 549 1519 quam
578 1464 707 1504 hodie
733 1465 856 1504 multi
884 1465 1025 1504 facere
1056 1465 1217 1504 soleant
1236 1495 1246 1513 ,
1281 1465 1335 1505 ab
1364 1467 1516 1506 nostris
1546 1467 1786 1522 pictoribus

417 1542 457 1575 et
488 1536 625 1590 poetis
654 1535 839 1590 decepti.
886 1536 977 1585 1111,
1024 1542 1070 1575 ut
1100 1542 1231 1591 puto,
1267 1550 1364 1576 eum
1395 1537 1588 1577 fecerunt
1619 1539 1683 1577 axi
1716 1552 1785 1579 ro-

419 1613 487 1646 tae
527 1606 653 1646 dorso
686 1621 922 1656 annexum,
965 1607 1150 1647 brachiis
1180 1621 1279 1647 vero
1315 1614 1355 1647 et
1385 1608 1582 1649 cruribus
1608 1610 1786 1650 extensis

420 1691 471 1717 ac
504 1677 691 1717 diductis
721 1684 912 1733 quatuor
942 1677 1071 1718 radiis
1102 1678 1346 1734 alligatum,
1380 1681 1614 1735 cogitantes
1638 1695 1785 1722 verum

419 1754 536 1788 rotae
577 1749 853 1803 supplicium.
911 1749 1212 1804 Antiquissima
1255 1751 1485 1790 auctoritas
1525 1758 1584 1791 est
1613 1752 1785 1792 Pindari

422 1820 556 1874 Pyth.
579 1820 636 1859 II.
659 1819 728 1860 40.
759 1821 814 1860 ad
839 1834 969 1876 quem
998 1821 1024 1860 l.
1056 1824 1320 1881 τετράκναμον
1344 1820 1484 1878 δεσμόν
1520 1824 1681 1879 optime
1712 1838 1784 1864 ex-

420 1892 556 1946 plicat
598 1891 742 1931 Schol.
787 1892 841 1932 cf.
880 1892 1013 1932 Tafel.
1047 1892 1103 1932 ad
1134 1893 1209 1935 IV.
1237 1892 1335 1934 381.
1386 1894 1450 1934 Ita
1480 1895 1622 1950 pictus
1652 1902 1711 1935 est
1742 1896 1787 1937 in

421 1963 627 2003 Viscontii
662 1963 767 2003 Mus.
799 1963 873 2004 Pio
904 1963 1037 2004 Clem.
1064 1964 1110 2004 T.
1138 1964 1190 2006 V.
1223 1964 1328 2004 Tab.
1354 1965 1467 2005 XIX.
1502 1972 1540 2005 et
1571 1966 1615 2005 in
1645 1966 1786 2022 Virgi-

422 2034 521 2073 liani
559 2033 665 2074 Cod.
693 2034 843 2089 fragm.
880 2041 921 2074 et
947 2035 1054 2090 pict.
1084 2035 1215 2075 Rom.
1248 2035 1367 2078 1741.
1395 2036 1497 2076 Tab.
1528 2036 1625 2080 VII.
1652 2037 1785 2078 Secu-

421 2111 488 2144 tus
531 2111 673 2144 autem
723 2112 783 2145 est
827 2105 1051 2160 Euripides
1090 2119 1161 2146 eos
1219 2107 1296 2161 qui
1336 2113 1429 2147 rota
1479 2107 1669 2148 Ixionem
1710 2121 1787 2163 per

422 2179 563 2215 aerem
607 2176 707 2215 ferri
752 2176 1039 2217 tradiderant:
1089 2177 1144 2217 cf.
1187 2177 1319 2218 Ilerc-
1348 2178 1455 2218 Fur.
1488 2178 1783 2220 1295—1298.

418 2247 574 2302 Itaque
615 2261 714 2287 eum
758 2247 841 2288 hac
876 2248 1086 2288 rotatione
1128 2249 1342 2304 aptissime
1383 2256 1606 2307 comparat
1643 2249 1784 2305 Capa-

419 2333 572 2367 neum,
615 2318 802 2359 brachiis
841 2325 881 2359 et
918 2319 1113 2360 cruribus
1148 2319 1335 2360 diductis
1371 2320 1542 2360 rotatim
1581 2320 1634 2360 de
1671 2321 1786 2362 scala

422 2390 660 2429 cadentem.
698 2390 854 2430 Ixionis
881 2390 979 2430 orbi
1004 2397 1122 2431 rotae
1153 2391 1313 2446 alligati
1337 2390 1520 2446 figuram
1543 2391 1712 2446 repperi
1740 2392 1786 2433 in

421 2460 587 2516 Virgilii
619 2460 696 2500 Ed.
731 2461 840 2503 ven.
868 2451 1091 2502 1532.'f01.
1127 2462 1222 2502 145.
1269 2463 1496 2505 Exstentne
1527 2462 1788 2516 antiquiores

422 2538 462 2571 ct
505 2546 618 2586 quae
668 2533 797 2572 fuerit
840 2534 1085 2575 vicissitudo
1133 2534 1428 2574 delineationis
1469 2532 1609 2573 medio
1652 2547 1780 2584 aevo,

419 2602 602 2643 doceant
634 2603 918 2660 archaeologi.
952 2629 1009 2635 ——
1039 2605 1131 2645 Hoc
1159 2605 1323 2654 stabili,
1371 2611 1416 2644 ut
1445 2616 1591 2659 spero,
1625 2603 1782 2645 funda-

421 2679 564 2712 mento
600 2680 712 2715 totus
747 2674 816 2716 hic
859 2677 1039 2732 turpiter
1071 2682 1246 2717 vexatus
1287 2676 1407 2716 locus
1454 2674 1615 2714 restitui
1659 2681 1783 2729 pote-

421 2743 472 2782 rit
506 2743 585 2784 sic:
