2020 3326
591 221 1150 266 COMMENTARIUS.
1517 227 1575 269 97

188 351 304 393 dicta
333 358 430 393 sunt
463 365 609 393 coram
642 354 756 410 regia
789 353 972 417 virgine,
1005 361 1051 395 ut
1082 357 1309 400 confidam
1344 376 1403 404 vs.
1436 361 1576 405 198-

186 423 286 465 203.
321 425 498 465 consilio
536 425 692 466 Poetae
722 426 993 482 pronuntiari
1026 440 1051 467 a
1086 427 1345 488 Paedagogo
1377 434 1433 475 ad
1472 449 1568 491 spe—

189 502 374 537 ctatores
426 510 654 547 converso,
707 504 748 538 et
790 511 904 553 pone
945 498 1206 555 Antigonam
1245 502 1299 544 de
1339 511 1453 548 tecto
1492 507 1570 549 de-

188 567 430 608 scendente.
444 618 446 620 q

244 637 346 679 201.
405 643 479 681 τῶν
513 639 648 695 λόγων.
730 639 869 680 Recte
909 649 1159 695 spreverunt
1204 645 1397 689 Editores
1447 651 1571 705 quod

186 710 383 750 nonnulli
413 710 509 751 libri
546 709 720 751 Stobaei
751 710 934 761 habent,
984 718 1059 755 τῶν
1091 713 1234 771 ψόγων.
1292 718 1401 760 Nam
1427 721 1568 776 ipsum

188 781 274 822 hoc
305 781 426 840 λόγων
452 782 496 822 id
527 789 588 823 est
619 782 741 838 quod
775 782 896 840 λόγων
928 786 1102 841 ματαίων
1114 822 1132 842 ‚
1161 789 1247 829 vid.
1275 790 1431 848 Suppl.
1463 793 1564 835 565.

184 852 333 909 ibique
375 855 527 895 Markl.
573 861 613 895 et
658 855 811 915 ἀφορμή
851 863 890 896 et
943 856 1156 918 ἐπειςφέρειν
1210 864 1459 915 praesertim
1512 865 1567 907 de

183 926 450 967 sermonibus
481 926 709 967 dicuntur:
745 929 971 984 sequentia
1001 930 1190 987 denique
1218 932 1337 990 μηδὲν
1371 934 1470 992 ὑγιὲς
1503 936 1566 979 λέ-

187 1013 262 1052 γειν
298 998 502 1054 supplent
533 999 801 1039 sententiam.

241 1067 344 1110 205.
384 1070 586 1130 ἀκροθίνια
618 1068 770 1125 Λοξίᾳ.
817 1072 1085 1114 Hermannus
1126 1074 1180 1115 de
1212 1076 1297 1117 hoc
1339 1078 1437 1120 loco
1480 1078 1565 1120 dis-

183 1146 340 1196 putans
377 1142 421 1182 in
453 1142 590 1182 Praef.
620 1157 664 1197 p.
696 1158 774 1183 ΧΠ.
815 1143 1088 1185 vehementer
1123 1146 1383 1203 Inter-pretes
1423 1150 1565 1191 incre-

184 1218 281 1267 pat,
313 1213 390 1268 qui
422 1213 466 1254 in
495 1214 698 1255 varietate
727 1215 966 1270 scripturae
997 1222 1038 1256 et
1068 1216 1112 1257 in
1141 1218 1371 1261 verborum
1402 1221 1566 1262 sormu-

183 1283 233 1324 lis
272 1284 539 1341 explicandis
583 1285 814 1335 desudent,
860 1286 1020 1341 quibus
1053 1295 1196 1329 autem
1228 1304 1338 1346 opus
1369 1299 1429 1332 est
1461 1306 1566 1334 eno-

184 1354 336 1396 datore
355 1388 364 1406 ,
417 1370 466 1396 ea
526 1370 580 1397 ne
636 1357 979 1398 animadvertant
1034 1360 1228 1415 quidem.
1286 1362 1562 1406 Rectissime:

183 1441 451 1482 quamquam
476 1427 713 1469 istiusmodi
741 1429 1048 1485 explicationes
1075 1432 1310 1473 etiamnum
1338 1449 1458 1476 suam
1486 1436 1566 1477 ha-

181 1497 284 1539 bent
312 1499 562 1549 utilitatem,
607 1506 648 1540 et
675 1501 819 1541 nullus
858 1501 1003 1543 adhuc
1034 1503 1231 1544 inventus
1267 1512 1327 1546 est
1353 1506 1564 1563 interpres

180 1570 257 1625 qui
279 1570 477 1611 omnibus
500 1571 732 1613 lectoribus
757 1573 1035 1614 satisfaceret.
1065 1574 1149 1615 Sed
1171 1576 1330 1617 nollem
1353 1579 1562 1620 Herman-

179 1656 284 1682 num
315 1656 365 1683 eo
399 1642 626 1698 abreptum
656 1658 743 1685 esse
782 1651 828 1685 ut
858 1645 901 1685 in
938 1645 1010 1686 illa
1044 1646 1171 1687 turba
1199 1647 1564 1692 Valckenaerium

183 1713 492 1764 confunderet,
539 1715 750 1757 scribens:
799 1733 815 1753 ³>
835 1716 950 1768 Quin
979 1717 1319 1760 Valckenaerius
1351 1735 1557 1777 quoque,

179 1785 254 1826 etsi
281 1785 448 1840 aliquid
476 1785 710 1828 dicendum
734 1788 903 1844 putavit
933 1788 1045 1829 cet.’'
1092 1789 1239 1841 Quid?
1269 1793 1403 1832 multa
1432 1793 1557 1843 dixit,

181 1870 320 1911 eaque
350 1858 521 1899 minime
547 1859 765 1915 vulgaria:
800 1860 877 1915 qui
904 1860 936 1900 si
963 1861 1136 1911 erravit,
1171 1862 1285 1902 idem
1313 1863 1414 1904 fecit
1439 1865 1562 1919 quod

178 1927 447 1969 Hermannus
473 1929 585 1984 ipse,
616 1937 662 1970 ut
685 1944 763 1986 ego
789 1931 995 1981 arbitror,
1026 1932 1070 1972 in
1096 1932 1181 1973 hoc
1206 1934 1303 1974 loco
1330 1936 1555 1977 commisit.

178 1997 369 2039 Chorum
401 1999 535 2054 Tyriis
561 2001 811 2042 mulieribus
847 2009 1043 2043 constare
1073 2003 1207 2044 dubio
1236 2011 1385 2054 vacat,
1424 2012 1557 2062 atque

179 2070 438 2125 argumentis
456 2102 466 2120 ,
502 2086 616 2126 quae
640 2072 696 2112 ad
719 2072 804 2113 boc
835 2073 1113 2129 probandum
1141 2076 1323 2116 contulit
1346 2077 1555 2120 Herman-

177 2154 276 2190 nus,
309 2140 410 2182 addi
432 2148 572 2197 potest
598 2144 813 2184 exsultans
836 2143 966 2185 Chori
993 2146 1152 2186 laetitia
1176 2146 1348 2187 vs.293.
1383 2149 1558 2205 Polyni-

178 2225 273 2253 cem
301 2214 588 2268 agnoscentis:
620 2213 677 2256 τΩ
707 2216 902 2271 συγγένεια
925 2221 1000 2258 τῶν
1021 2215 1223 2277 Ἀγήνορος
1248 2218 1402 2276 τέκνων,
1425 2220 1556 2278 ἐμῶν

179 2285 470 2343 τυοοὶυνων·
522 2291 613 2325 tum
647 2286 770 2341 quod
802 2287 914 2327 idem
952 2301 1012 2328 vs.
1045 2288 1123 2328 241
1161 2303 1258 2344 sqq.
1293 2291 1556 2347 deprecatur

177 2355 394 2396 excidium
431 2356 702 2407 Thebarum,
744 2357 907 2399 addens
945 2376 1050 2401 mma
1091 2361 1169 2421 γάρ
1200 2362 1317 2421 φίλων
1346 2367 1445 2420 ἄχη
1492 2381 1551 2408 vs.

175 2427 276 2468 251
303 2427 491 2483 denique
519 2428 572 2468 de
596 2429 841 2470 Thebarum
867 2431 1086 2486 periculo:
1119 2431 1172 2475 ὧν
1203 2435 1363 2491 μέτεστί
1389 2454 1450 2493 μοι
1479 2441 1551 2481 πό-

174 2515 260 2541 νων.
309 2499 394 2540 Sed
432 2514 569 2555 quum
601 2515 662 2542 vs.
687 2500 786 2542 205.
826 2516 868 2542 se
907 2502 998 2558 ipse
1032 2512 1157 2545 vocet
1190 2507 1392 2567 &metm
1415 2509 1550 2565 Λοξίᾳ

175 2577 216 2611 et
252 2584 313 2612 vs.
345 2570 446 2611 283.
484 2571 624 2612 dicat:
679 2573 882 2633 Ἀγίνορος
928 2572 972 2616 δὲ
1013 2575 1130 2618 natos
1115 2595 1150 2626 ς
1182 2577 1224 2619 ἐκ
1257 2579 1407 2623 παιὸων
1439 2581 1550 2642 δορὸς

174 2640 304 2700 Φοίβο)
337 2644 375 2700 [Γ]
409 2646 471 2686 ἑΓ
457 2644 582 2700 εωψαυ
614 2643 753 2687 ἐνθάδ’
787 2647 1028 2705 ακροὲίνιον,
1061 2648 1398 2694 Valckenaerius
1434 2654 1553 2697 haud

174 2714 398 2756 attendens
438 2715 627 2758 Clioium
669 2732 757 2759 non
789 2725 956 2760 tantum
987 2720 1257 2773 PhoenissaS,
1300 2725 1374 2766 sed
1406 2726 1550 2781 Tyiias

1291 2795 1319 2839 7
