2020 3326
645 265 1226 308 COMMENTARIUS.
1554 266 1632 306 185

824 403 865 444 ἐκ
899 402 943 445 δε
974 404 1172 459 κλιμάκων

556 474 805 535 ἐσφενδονᾶτο
838 476 956 537 χωρὶς
988 476 1164 522 ἀλλήλων
1195 474 1312 531 βέλη·

559 550 684 608 χεῖρες
716 546 759 589 δὲ
791 548 872 589 κτὲ.
1120 532 1142 554 ⁶

262 628 480 677 expuncto
512 635 635 662 versu
670 619 801 660 1192:
844 620 996 669 Hasta,
1032 620 1223 676 gladius,
1257 626 1427 661 scutum
1461 619 1634 675 (quidni

261 694 373 733 enim
403 693 487 732 lioc
516 706 616 732 cum
647 691 822 747 reliquis
852 692 977 732 armis
1005 692 1399 746 comprehendatur
1424 691 1639 733 vocabulo

262 764 356 819 βέλη
369 764 407 819 P)
443 764 720 804 excutiuntur
749 763 948 803 fulmine:
991 764 1113 818 quod
1146 770 1287 803 tamen
1318 777 1371 803 ne
1400 763 1491 817 ipsa
1522 768 1636 802 rota-

261 837 376 876 tione
408 836 574 876 factum
596 835 788 891 fingatur
809 849 897 875 non
925 835 1170 884 intercedo,
1205 836 1236 875 si
1267 835 1364 890 quis
1389 834 1636 875 coniecerit.

262 908 542 963 Expunctum
583 921 606 947 a
650 906 774 946 nobis
817 921 983 947 versum
1022 907 1158 947 Statio
1193 907 1353 946 lectum
1392 906 1516 946 fuisse
1557 906 1637 945 du-

262 979 381 1020 bium
412 993 498 1019 non
533 985 617 1028 est3
658 979 734 1033 qui
765 993 855 1033 qua
890 979 1026 1018 forma
1060 979 1233 1034 legerit,
1269 985 1342 1018 aut
1374 977 1481 1033 quid
1513 977 1637 1017 inno-

264 1051 423 1092 vaverit
462 1050 529 1091 vel
570 1050 725 1090 tacitus
767 1050 1018 1103 correxerit,
1062 1051 1221 1090 nescio.
1271 1049 1476 1104 Suspicor
1506 1049 1635 1104 pessi-

263 1137 380 1162 mum
418 1136 586 1162 versum
627 1122 867 1176 antiquitus
909 1121 1216 1176 interpolatum
1252 1135 1338 1161 esse
1376 1120 1429 1160 ab
1462 1121 1633 1174 aliquo,

262 1194 304 1234 in
344 1193 465 1234 cuius
497 1193 753 1247 exemplari,
799 1192 920 1248 quod
965 1192 1249 1236 describeret,
1293 1192 1377 1232 iam
1417 1190 1509 1246 βέλη
1540 1205 1636 1231 eor-

262 1271 437 1320 ruptum
467 1271 571 1304 esset
600 1265 645 1304 in
675 1264 791 1321 μέληε
825 1263 1004 1304 brachia
1040 1270 1080 1303 et
1112 1278 1240 1304 crura
1271 1263 1356 1304 iam
1388 1277 1635 1319 occupave-

264 1343 328 1377 rat
359 1337 510 1376 Poeta:
548 1336 654 1376 alter
685 1336 866 1391 arripuit
898 1335 1036 1375 crines
1067 1342 1107 1375 et
1137 1335 1404 1391 sanguinem.

327 1406 449 1447 1202.
495 1404 780 1447 Scribendum
812 1421 922 1448 esse:
958 1404 1089 1456 ἄξονες
1113 1405 1149 1448 δ’
1174 1406 1233 1447 ἐπ’
1257 1404 1368 1456 ἄξοσι
1380 1441 1398 1461 ,
1432 1405 1578 1466 Νεκροί
1597 1422 1635 1447 τε

264 1481 401 1539 νεκροῖς
432 1478 513 1520 κτὲ.
547 1478 651 1518 vidit
685 1478 888 1519 Fritzsch.
923 1478 978 1518 ad
1010 1478 1138 1518 Arist.
1168 1477 1287 1518 Rau.
1322 1477 1444 1518 1403.

323 1549 449 1591 1206.
502 1550 599 1590 Post
640 1549 757 1590 hunc
804 1564 971 1591 versum
1013 1550 1057 1590 in
1098 1549 1269 1590 duobus
1311 1549 1440 1589 codd.
1484 1549 1637 1605 legitur

264 1623 392 1663 alter:
426 1621 491 1663 καὶ
523 1625 586 1663 νῦν
618 1623 697 1682 γὰρ
731 1621 850 1667 αὐτὴν
883 1620 1073 1678 δαιμόνων
1095 1622 1215 1663 ἔσωσέ
1238 1639 1319 1677 τις,
1352 1636 1481 1676 quem
1508 1634 1634 1676 prae-

269 1693 521 1735 cedentibus
557 1708 645 1734 non
688 1701 839 1749 aptum
884 1708 970 1734 esse
1013 1694 1318 1735 demonstravit
1349 1694 1635 1733 Hermannus:

261 1766 377 1807 addo
421 1779 502 1806 nec
548 1765 849 1821 sequentibus,
898 1765 971 1806 ubi
1009 1765 1175 1807 Chorus
1206 1767 1264 1806 ita
1295 1765 1498 1821 proximis
1525 1779 1636 1804 nun-

258 1837 304 1878 tii
335 1837 474 1878 verbis
504 1837 733 1892 respondet
763 1844 809 1878 ut
839 1851 983 1879 versus
1020 1838 1090 1878 ille
1132 1837 1398 1878 intercedere
1431 1850 1518 1876 non
1552 1850 1633 1891 po-

264 1909 406 1950 tuerit.
446 1909 525 1948 Illa
558 1915 699 1949 autem
732 1908 861 1949 Chori
895 1909 1026 1950 verba
1058 1908 1168 1951 1207
1187 1923 1252 1964 sq.
1280 1908 1397 1950 καλὸν
1428 1908 1471 1949 τὸ
1500 1914 1631 1949 venatu·

263 1980 293 2021 εἰ
333 1978 369 2020 δ’
393 1979 554 2035 ἀμείνον’
598 1980 630 2021 οἱ
672 1978 756 2021 θεοὶ
797 1981 959 2036 Γνώμην
1001 1983 1177 2036 ἔχουσιν,
1220 1980 1383 2037 εὐτυχὴς
1422 1981 1497 2028 εἴην
1528 1978 1634 2035 ἐγώ,

264 2051 389 2091 variis
436 2051 574 2090 modis
619 2051 919 2106 explicantur,
971 2052 1060 2092 sine
1102 2053 1333 2092 sententiae
1378 2051 1634 2092 discrimine.

261 2123 529 2163 Hermannus
559 2122 780 2177 amplexus
811 2129 872 2162 est
902 2125 1050 2179 ἔχοιεν,
1093 2124 1322 2163 lectionem
1352 2123 1454 2163 levis
1484 2129 1636 2163 aucto-

261 2194 421 2242 ritatis,
451 2200 541 2233 tum
568 2207 646 2247 pro
678 2193 753 2241 εἵην
778 2195 962 2234 correxit
990 2195 1036 2236 ἂν
1057 2196 1122 2236 εἶν.
1166 2194 1361 2234 Klotzius
1386 2194 1515 2234 habet
1541 2208 1635 2235 ver-

263 2266 316 2306 ba
353 2265 384 2306 εἰ
405 2288 462 2295 —
492 2267 642 2320 ἔχουσιν
673 2278 751 2319 pro
782 2266 993 2319 positione
1023 2266 1186 2321 logica,
1223 2271 1263 2305 et
1293 2264 1533 2319 optativum
1563 2265 1637 2314 εἴην

265 2338 351 2377 sine
383 2341 430 2378 ἅν
470 2336 569 2375 ferri
604 2349 727 2391 posse
759 2342 908 2390 putat3
954 2337 996 2377 in
1029 2350 1118 2391 quo
1150 2350 1389 2390 numquam
1417 2337 1558 2377 vincet
1589 2345 1635 2378 ut

264 2410 339 2457 εἵην
373 2422 461 2448 11011
492 2407 679 2463 pendeat
718 2406 772 2447 ab
805 2407 948 2462 aliqua
982 2407 1333 2462 praecedentium
1371 2408 1631 2449 conditione.

261 2482 357 2536 Ipse
394 2480 540 2521 vertit:
586 2477 671 2519 Sin
714 2478 941 2519 meliorem
975 2480 1026 2519 clc'
1055 2481 1327 2520 sententiam
1357 2478 1520 2519 habent
1550 2483 1637 2520 sim

263 2567 341 2608 ego
357 2551 513 2606 fele‘x5
532 2550 575 2590 in
604 2549 677 2589 tali
709 2556 851 2590 autem
879 2551 1084 2591 sententia
1102 2550 1342 2606 particulae
1368 2554 1415 2592 ἅν
1441 2551 1636 2594 defectus

264 2622 482 2663 inauditus
519 2626 595 2660 est.
647 2620 1036 2661 Winckelmannus
1080 2623 1123 2662 in
1153 2622 1297 2662 Diario
1322 2621 1469 2678 Antiq.
1507 2622 1632 2664 1842.

268 2710 313 2749 p.
349 2692 442 2733 128.
487 2691 738 2747 proposuit:
787 2693 818 2733 εἶ
858 2692 895 2733 δ’
918 2693 1078 2749 ἀμείνον’
1122 2694 1153 2734 οἱ
1195 2693 1278 2735 θεοὶ
1320 2695 1471 2750 γνώμην
1503 2697 1632 2751 ἔχουσι

271 2765 397 2820 δοῖεν)
431 2763 594 2819 εὐτυχὴς
627 2762 726 2820 ἐγώε
769 2765 812 2805 in
849 2779 938 2820 quo
971 2773 1142 2821 praeter
1176 2766 1348 2807 nimiam
1380 2766 1630 2816 audaciam,
