2020 3326
425 217 502 258 lsst)
817 209 1380 253 COMMENTARIUS.

423 353 592 393 turbata
624 355 764 390 mente
794 346 1030 400 loquentis:
1071 350 1293 399 praeterea
1323 343 1437 385 έκεῖνο
1467 345 1510 384 in
1542 345 1625 385 hac
1655 346 1785 386 inter-

425 423 660 480 punctione
687 433 773 459 non
804 416 902 456 satis
931 420 1113 470 apparet
1141 427 1230 468 quo
1258 415 1486 469 pertineat.
1522 415 1711 455 Eandem
1734 417 1790 456 ob

426 507 599 534 eausam
628 490 825 545 displicet
866 486 988 542 quod
1022 485 1360 528 Valckenaerius
1403 485 1587 526 eundem
1626 500 1791 527 versun]

427 562 779 605 exclamationem
836 573 936 599 cum
991 557 1285 613 indignatione
1332 557 1550 597 continere
1596 557 1790 612 putabat.

427 627 577 675 Nostra
607 632 793 688 suspicio
823 631 855 670 si
886 629 1026 669 bonae
1058 629 1334 669 coniecturae
1367 642 1565 668 numeros
1594 630 1789 684 expleat,

427 720 573 746 omncs
609 703 898 744 dubitationes
939 701 1095 741 solvet:
1148 699 1346 739 nimirum
1383 700 1496 742 ἐκεῖνο
1528 701 1565 742 δ’
1588 701 1661 758 οὐχ
1699 701 1793 743 ἑκὼν

423 779 759 835 μαθήσομαι,
791 777 925 834 ἄρχειν
959 773 1081 832 παρόν
1112 788 1200 828 μοι,
1233 769 1334 826 τῷδε
1366 770 1573 814 δουλεῦσαί
1598 790 1704 815 ποτε.
1751 773 1791 812 Si

426 853 635 908 μανθάνειν
666 848 840 904 χαίρειν,
872 845 1096 898 λυπεῖσθαι,
1128 845 1327 903 σωφρονεῖν
1365 844 1536 899 aliaque
1567 845 1792 890 dicuntur,

425 922 577 978 quidni
608 919 840 962 δουλεῦσαιὲ)
883 917 1125 957 Sententia:
1168 929 1285 955 »non
1316 922 1403 954 tam
1436 915 1588 955 docilis
1624 930 1714 955 sum
1750 923 1795 955 ut

426 994 578 1034 servire
610 992 805 1032 lubenter
835 989 997 1029 discere
1035 988 1182 1035 veliin,
1217 1001 1354 1041 quum
1385 1001 1562 1041 regnare
1592 987 1792 1042 possim.''

434 1066 581 1105 Forma
607 1062 838 1103 sententiae
865 1060 1008 1099 similis
1034 1065 1093 1099 est
1117 1058 1242 1097 huius
1264 1057 1382 1112 apud
1408 1058 1541 1113 Soph.
1559 1058 1682 1098 Phil.
1696 1057 1792 1100 307.

426 1137 541 1178 έκεῖνο
574 1134 610 1176 δ’
634 1133 783 1187 οὐδεὶς,
814 1131 906 1178 ἡνίκ’
942 1131 988 1173 ἂν
1011 1131 1193 1188 μνησθῶ,
1225 1129 1356 1184 θέλει,
1389 1130 1521 1170 σῶσαί
1535 1129 1575 1186 μ’
1598 1129 1635 1178 ἐς
1657 1129 1791 1178 οἴκους.

430 1209 511 1260 Qui
554 1208 773 1261 vulgatam
816 1204 1043 1243 lectionem
1081 1215 1251 1241 mecum
1289 1214 1369 1256 pro
1411 1201 1493 1240 hac
1534 1202 1799 1242 correctione

427 1279 662 1326 dimittent,
704 1276 809 1316 nihil
842 1275 985 1314 damni
1022 1274 1261 1328 patientur:
1301 1285 1399 1312 mox
1430 1272 1542 1312 enim
1573 1273 1792 1320 Eteocles,

428 1365 484 1391 vs.
507 1348 607 1390 526.
641 1348 691 1396 ὡς
724 1347 765 1388 ου
797 1349 959 1404 παρήσω
983 1343 1076 1401 τῷδ’
1103 1343 1193 1399 ἐμὴν
1217 1343 1441 1401 τυραννίδας
1468 1344 1524 1383 cf.
1550 1358 1608 1385 vs.
1629 1343 1716 1384 510
1730 1358 1793 1398 sq.

489 1420 589 1461 526.
644 1419 693 1467 ὡς
725 1419 766 1459 οὐ
798 1421 973 1476 παρήσω.
1030 1415 1159 1466 Quasi
1204 1416 1246 1454 in
1287 1415 1470 1454 formula
1512 1422 1572 1454 est
1611 1415 1661 1462 ὡς
1701 1421 1797 1469 post

432 1494 524 1552 πρὸς
555 1495 696 1534 ταῦτα.
745 1488 810 1530 Cf.
846 1488 966 1527 Plato
995 1484 1126 1541 Apol.
1151 1484 1222 1524 30.
1250 1484 1292 1524 b.
1337 1485 1495 1525 Imitati
1526 1492 1623 1526 sunt
1650 1499 1798 1526 recen-

434 1567 571 1604 tiores.
627 1563 780 1616 Itaque
814 1558 1004 1614 poenitet
1042 1570 1109 1596 me
1155 1555 1428 1596 obscuratam
1469 1570 1554 1596 esse
1594 1557 1636 1597 in
1666 1557 1799 1597 Dione

435 1636 533 1675 Chr.
566 1651 612 1690 p.
636 1632 707 1674 68.
735 1632 778 1672 d.
821 1630 895 1670 ubi
935 1628 1095 1669 mutavi
1135 1627 1186 1675 ὡς
1218 1628 1261 1667 in
1292 1630 1408 1683 ὅμως.
1464 1628 1625 1668 Monuit
1659 1642 1725 1668 me
1757 1629 1798 1668 in

431 1720 607 1746 censura
636 1705 894 1744 Dioneorum
922 1699 1239 1740 Bakhuizenius
1272 1706 1434 1748 noster,
1472 1699 1547 1754 qui
1580 1699 1794 1754 quidquid

436 1779 593 1834 tangit,
628 1775 783 1830 ingenii
815 1774 876 1813 sui
908 1772 1067 1812 lumine
1097 1771 1332 1810 collustrat.

488 1849 587 1890 541.
648 1848 687 1889 τὸ
729 1847 808 1905 γὰρ
842 1845 918 1886 ἴσον
950 1844 1102 1899 νόμιμον
1135 1843 1351 1901 ἀνθρώποις
1385 1844 1466 1901 ἔφυ.
1524 1843 1662 1883 Recte
1702 1854 1800 1880 sanc

430 1921 609 1961 laudant
648 1917 842 1959 nonnulli
873 1914 1159 1956 annotationis
1186 1914 1241 1954 ad
1273 1914 1316 1953 h.
1344 1914 1369 1952 l.
1406 1912 1800 1956 Valckenacrianae

435 1993 697 2039 ubertatem,
740 1988 856 2029 unde
897 1992 1104 2042 appareat
1144 1992 1240 2026 ante
1274 1985 1552 2025 Plutarchum
1584 1983 1803 2039 duplicem

436 2064 636 2105 exstitisse
668 2061 917 2107 lectionem,
954 2059 1105 2115 μόνιμον
1139 2063 1179 2096 et
1209 2058 1391 2114 νόμιμον,
1423 2063 1652 2110 utramque
1684 2068 1802 2094 suam

436 2136 594 2176 habere
634 2134 788 2173 iustam
829 2129 1246 2184 interpretationem;
1290 2128 1422 2169 videri
1459 2134 1599 2167 tamen
1633 2125 1801 2181 praefe-

437 2207 617 2247 rendum
637 2237 646 2254 ‚
681 2203 801 2259 quod
830 2203 874 2242 in
903 2200 1055 2241 nostris
1085 2199 1310 2240 codicibus
1347 2198 1666 2245 circumfertur,
1699 2198 1800 2252 νόμι-

437 2295 520 2334 μον.
568 2277 668 2317 Mihi
695 2281 860 2315 certum
885 2272 1072 2320 videtur,
1103 2271 1352 2325 praesertim
1379 2269 1436 2309 ob
1463 2283 1511 2309 ea
1537 2281 1649 2323 quae
1675 2280 1801 2321 prae-

439 2350 619 2391 cedunt:
653 2348 709 2387 ita
743 2346 853 2385 enim
885 2343 1083 2400 procedit
1114 2342 1308 2382 locastae
1338 2341 1496 2381 oratio:
1532 2337 1801 2392 »aequalitas

435 2422 594 2462 amicos
635 2433 733 2459 cum
776 2416 943 2464 amicis,
990 2414 1116 2454 urbes
1156 2427 1255 2453 cum
1293 2412 1494 2461 urbibus,
1537 2409 1672 2450 socios
1702 2422 1800 2448 cum

437 2494 559 2533 sociis
586 2490 745 2546 iungit:
789 2490 951 2529 etenim
984 2486 1025 2528 τὸ
1057 2486 1134 2527 ἴσον
1164 2484 1407 2525 hominibus
1438 2482 1683 2538 legitimum
1714 2485 1796 2518 est:

437 2564 511 2604 ubi
542 2562 778 2617 aequalitas
811 2560 949 2607 deest,
984 2557 1290 2598 conflictantur
1318 2551 1581 2608 inaequalia,
1617 2556 1656 2589 et
1684 2564 1798 2589 sum-

433 2648 525 2674 mae
557 2634 636 2688 legi
671 2631 989 2674 adversantur.''
1036 2628 1300 2683 (Tenendum
1328 2631 1469 2665 autem
1495 2628 1554 2661 est
1588 2620 1796 2675 designari

433 2705 732 2760 aequalitatem
774 2706 872 2743 sine
899 2700 1105 2742 invidia:
1148 2698 1265 2753 quod
1298 2704 1385 2737 tum
1412 2707 1489 2750 per
1517 2706 1558 2732 se
1594 2692 1792 2746 intelligi-
