2020 3326
620 185 1187 229 COMMENTARIUS.
1513 190 1588 231 141

277 330 379 372 677.
420 329 578 378 εὐαλίοις
617 334 678 368 est
714 328 952 368 necessaria
994 327 1207 368 correctio
1248 327 1479 369 Hermanni
1513 342 1593 383 pro

219 402 388 450 εὐηλίοισι
400 437 417 458 ,
448 401 570 457 quod
600 401 830 456 plerosque
863 399 993 439 codd.
1027 398 1275 454 occupavit.

278 474 378 514 699.
431 475 507 534 ὁρῶ
549 473 626 532 γὰρ
661 471 775 513 αὑτὸν
808 470 901 530 πρὸς
942 469 1082 527 δόμους
1112 471 1295 526 στείχοντ’
1331 470 1458 527 ἐμούς.
1514 471 1593 512 Hic

220 559 364 587 ‘versus
390 546 441 586 sit
464 546 563 585 licet
592 543 646 583 ab
664 543 891 598 Euripide,
922 542 1057 582 nihilo
1078 543 1218 583 minus
1250 543 1466 583 contendo
1498 557 1596 583 eum

221 618 350 673 plane
374 616 596 657 abundare
619 621 716 670 post
742 614 1023 669 participium
1049 616 1182 673 παρών
1208 615 1251 654 in
1277 628 1424 670 praec.
1457 629 1593 656 versu.

223 688 338 728 Nihil
367 688 534 736 dicent,
571 687 602 727 si
630 686 707 741 qui
735 686 912 725 fortasse
944 685 1051 726 haec
1077 685 1322 742 explicandi
1353 687 1489 742 gratia
1518 686 1595 726 ad-

221 759 311 800 dita
362 765 536 815 putent:
590 759 680 813 ipse
725 758 837 798 enim
881 757 1019 798 Creon
1064 757 1345 814 ingrediendo
1391 758 1595 814 explicat.

226 831 357 887 Magis
382 831 461 871 ista
487 831 642 870 decent
667 829 950 870 Scholiastam
979 829 1186 885 aliquem:
1214 832 1340 870 ταῦτα
1372 829 1470 885 λέγει
1500 830 1597 890 ὁρῶν

225 904 341 946 αὑτὸν
373 904 577 960 στείχοντα
610 902 701 962 πρὸς
734 901 874 958 δόμους
907 901 1040 943 αὐτοῦ.

286 973 384 1018 700.
433 973 456 1020 ἦ
487 974 593 1017 πόλλ’
628 973 796 1018 ἐπῆλθον
810 1009 826 1028 ,
859 998 916 1003 -—
949 972 1055 1032 πέριξ
1091 972 1135 1015 δὲ
1168 998 1225 1002 —
1257 974 1379 1022 πύλας
1411 973 1594 1019 ἐπῆλθον.

228 1046 416 1087 offendit
456 1046 795 1089 Valckenaerius
838 1045 882 1086 in
926 1046 1108 1100 repetito
1154 1044 1351 1102 ἐπῆλθον,
1403 1047 1599 1101 quamvis

225 1117 468 1158 concedens
510 1116 760 1172 Euripidem
800 1130 1131 1171 nonnumquam
1169 1117 1494 1172 repetitionibus
1533 1118 1598 1158 in·

227 1189 419 1245 dulgere.
467 1188 664 1228 Klotzius
699 1187 817 1227 hunc
857 1188 1030 1228 »lusum
1061 1188 1336 1243 elegantem’'
1373 1202 1460 1229 esse
1493 1203 1622 1239 con-,v

226 1261 376 1301 tendit.
415 1259 744 1301 Credendumne
780 1265 840 1299 est
867 1260 1057 1315 linguam
1088 1273 1289 1314 graecam
1314 1259 1509 1300 vitiosam
1539 1275 1599 1301 cs-

229 1347 293 1381 se,
331 1338 482 1388 utpote
510 1331 640 1371 nimia
673 1330 941 1371 laborantem
972 1330 1202 1372 verborum
1234 1332 1384 1387 copia,
1422 1345 1473 1372 ac
1505 1334 1599 1373 mil-

228 1405 302 1444 lies
331 1417 534 1459 peccasse
564 1403 794 1459 scriptores
823 1417 1027 1459 graecos‚
1060 1403 1297 1443 nescientes
1338 1417 1472 1459 quam
1508 1418 1599 1445 sae-

225 1490 281 1533 pe
311 1471 424 1516 idem
455 1474 635 1516 verbum
663 1475 817 1515 iterare
848 1475 1009 1515 liceat?
1040 1475 1142 1516 Mihi
1170 1474 1347 1529 quidem
1376 1475 1508 1516 Poeta
1538 1477 1600 1518 vi-

225 1549 351 1589 detur
380 1547 616 1604 elegantius
645 1546 884 1603 scripturus
909 1547 1057 1587 fuisse:
1096 1544 1120 1592 ἧ
1152 1545 1261 1588 πόλλ’
1293 1545 1502 1603 ἐμόχθησ’.
1539 1549 1601 1589 Is-

227 1619 427 1661 tiusmodi
458 1618 744 1674 parsimoniae
781 1618 967 1673 speciem
999 1618 1130 1658 credo
1162 1618 1439 1659 histrionibus
1468 1619 1600 1660 debe-

226 1693 286 1741 ri,
325 1705 436 1747 quos
465 1690 685 1746 hodieque
716 1689 946 1730 memoriae
977 1689 1151 1731 defectu
1181 1691 1225 1730 in
1255 1703 1383 1731 scena
1413 1691 1602 1732 similiter

229 1770 460 1820 peccantes
494 1762 706 1803 audimus.

288 1833 385 1876 710.
453 1836 504 1876 τοὶ
547 1836 638 1877 ποῖα
680 1838 807 1876 ταῦτα
820 1853 837 1889 ,-
879 1834 941 1876 τὸν
983 1834 1093 1891 λόγον
1138 1836 1217 1895 γὰρ
1261 1827 1406 1892 οἶγνοῶ.
1463 1834 1597 1890 Soph.

230 1906 387 1946 Tracla.
416 1905 485 1948 78.
529 1907 580 1949 τὰ
611 1908 730 1962 ποῖοι,
763 1912 912 1966 μῆτερ5
946 1906 1009 1948 τὸν
1040 1906 1150 1963 λόγον
1183 1908 1260 1967 γὰρ
1292 1908 1447 1963 ἀγνοῶ,
1488 1920 1603 1960 quae

228 1977 425 2033 Euripidi
450 1977 690 2019 ·⁴0bversata
730 1985 849 2019 sunt:
897 1978 985 2019 vid.
1023 1978 1168 2034 Apitz.
1209 1978 1265 2018 ad
1300 1992 1397 2018 eum
1440 1978 1598 2018 locum.

230 2048 326 2088 Non
361 2049 517 2088 mirum
548 2055 608 2089 est
639 2048 724 2089 hoc
756 2049 895 2104 poetis
923 2050 1171 2104 praesertim
1202 2050 1245 2089 in
1275 2048 1603 2104 stichomythiac

232 2119 436 2175 angustiis
464 2133 793 2174 nonnumquam
828 2119 1049 2160 accidisse.
1093 2120 1321 2174 Euripides
1354 2127 1470 2160 certe
1496 2119 1604 2177 λόγον

230 2191 605 2231 minus'accurate
636 2190 832 2230 adhibuit
867 2204 1000 2245 quam
1027 2191 1279 2246 Sophocles.

291 2262 388 2304 713.
431 2260 538 2321 πέριξ
571 2262 758 2322 πύργοισι.
804 2261 957 2302 Omnia
991 2262 1077 2302 iam
1109 2263 1282 2304 admota
1316 2270 1414 2304 sunt
1445 2263 1500 2304 ab
1531 2263 1602 2305 In-

231 2333 508 2389 terpretibus‚
539 2333 699 2389 quibus
719 2333 795 2373 has
818 2347 936 2373 arces
962 2333 1262 2374 defenderent:
1287 2341 1429 2375 tamen
1454 2349 1604 2377 vereor

231 2419 285 2446 ne
317 2411 617 2461 expugnentur
646 2404 700 2444 ab
729 2405 964 2446 Reiskiano
989 2408 1170 2448 πυκνοῖσι.
1209 2406 1302 2446 Hoc
1334 2420 1356 2446 a
1380 2406 1601 2447 Brunckio

231 2483 271 2517 et
303 2476 492 2517 Porsono
538 2482 762 2532 receptum
797 2476 996 2531 profecto
1037 2477 1243 2517 eiusmodi
1282 2484 1341 2518 est
1383 2484 1429 2518 ut
1473 2479 1603 2534 plane

229 2562 410 2604 graecae
434 2548 605 2604 linguae
634 2554 674 2588 et
698 2547 915 2603 Euripidis
942 2548 1241 2589 consuetudini
1266 2549 1514 2590 satisfaciat.
1542 2551 1602 2590 De

230 2619 588 2675 explicationibus
611 2619 772 2676 vulgati
799 2619 1136 2662 Valckenaerius
1158 2634 1245 2661 non
1271 2621 1405 2662 male:
1439 2622 1597 2674 »Quis‚

231 2690 432 2738 obsecro,
478 2706 629 2747 graece
664 2691 730 2733 vel
761 2691 889 2732 latine
928 2692 987 2732 sic
1033 2692 1205 2733 locutus
1244 2692 1368 2733 est?'’
1423 2692 1602 2734 Senten-
