2020 3326
351 898 393 937 Si
426 896 633 937 nonnutla
667 901 904 951 peccarunt
941 895 1209 951 typothetae,
1242 898 1358 939 haud
1393 914 1570 957 magnos
1603 916 1669 942 er·-

292 983 406 1010 rores
438 983 525 1009 esse
564 967 767 1016 confido,
813 981 956 1023 neque
1001 969 1206 1010 lectorem
1239 971 1533 1026 impedituros.
1585 973 1670 1013 Sed

290 1056 370 1098 ego
399 1055 653 1097 perperam,
688 1040 885 1096 quamvis
908 1041 1134 1090 consulto,
1165 1043 1283 1083 omisi
1314 1059 1357 1098 p.
1381 1043 1462 1085 154
1488 1058 1667 1102 compa-

290 1115 499 1154 rationem
538 1127 682 1154 versus
723 1110 834 1153 1238
870 1111 1058 1153 Oreslae
1091 1114 1307 1170 Euripidis
1338 1129 1438 1157 eum
1468 1116 1669 1172 Aeschyli

295 1186 490 1242 Choeplz.
519 1184 618 1226 495.
675 1185 895 1225 Manifesta
936 1185 1112 1240 quidem
1142 1193 1202 1226 est
1243 1188 1423 1228 imitatio
1465 1189 1509 1230 in
1541 1190 1664 1230 Euri-

289 1259 447 1315 pideis:
481 1258 759 1298 nihilominus
790 1264 914 1298 teneo
944 1258 1067 1312 quod
1100 1259 1290 1307 conieci,
1322 1259 1407 1299 sive
1441 1269 1666 1317 corrupte-

290 1332 330 1372 la
368 1331 545 1371 fortuita
582 1329 734 1377 fuerit,
781 1330 867 1370 sive
906 1330 1118 1370 correctio
1149 1330 1264 1371 faeta
1295 1330 1349 1371 ab
1381 1332 1555 1388 aliquo,
1593 1335 1670 1389 qui

286 1402 514 1457 Aeschylei
548 1415 692 1443 versus
724 1401 996 1441 meminisset.
1052 1401 1193 1454 Quam
1225 1409 1375 1458 aptum
1407 1404 1458 1444 sit
1488 1405 1669 1448 ὀνείδεσιν

288 1476 331 1515 in
362 1473 660 1529 Choeplzorc'3‚
691 1486 915 1528 quamque
940 1473 1134 1529 ineptum
1161 1473 1286 1521 ὀνείδη
1315 1476 1359 1517 in
1392 1475 1571 1526 Oreste,
1605 1486 1670 1519 at-

288 1553 453 1587 tentum
489 1546 693 1585 lectorem
726 1545 857 1585 latere
886 1546 1052 1601 nequit.
1101 1547 1264 1589 Horum
1296 1555 1439 1590 autem
1469 1549 1667 1607 disputa-

291 1620 450 1659 tionem
492 1631 611 1658 nune
651 1617 827 1667 omitto3
871 1632 985 1673 quae
1027 1632 1126 1660 vero
1158 1634 1249 1661 mea
1283 1623 1495 1662 sententia
1522 1623 1572 1663 sit
1614 1623 1668 1663 de

290 1692 396 1732 loeis
436 1689 510 1731 ubi
552 1689 778 1745 Euripides
820 1696 1000 1745 putatur
1033 1691 1294 1747 Aeschylum
1326 1693 1664 1749 reprehendere,

292 1764 396 1804 alias
438 1762 608 1810 dicam,
662 1762 892 1817 respiciens
933 1762 1061 1803 docte
1106 1771 1321 1820 acuteque
1366 1766 1574 1822 scriptum
1615 1768 1666 1808 li-

289 1837 415 1877 brum
459 1834 712 1890 Hartungfi,
784 1833 1055 1890 Eureyn'dem
1103 1840 1393 1886 ⁷·es‘lz'leclum,
1449 1837 1665 1895 huiusque

291 1908 526 1965 praecipue
556 1906 652 1950 Vol.
680 1906 733 1947 ΙΙ.
771 1923 811 1963 p.
842 1906 929 1948 292
956 1922 1051 1964 sqq.

1417 1994 1464 2034 G.
