2020 3326
634 229 1227 304 'COMMENTAssms
1553 258 1633 300 187

329 404 450 445 1223.
491 404 535 448 ἢν
556 407 607 459 μή
631 418 674 460 γε
695 401 838 461 φεύγων)
870 399 1033 459 ἐκφύγῃς
1064 397 1155 458 πρὸς
1185 397 1343 457 αἰθέρα.
1386 396 1504 437 Haec
1531 396 1634 435 scri—

264 485 390 534 ptura
432 476 660 519 verborum
690 474 734 518 ἢν
766 478 818 529 μή
850 489 893 528 γε
934 471 1127 511 munitur
1167 470 1347 525 quidem
1380 469 1636 510 auctoritate

265 550 550 605 plurimorum
591 546 831 595 Codicum;
885 557 1028 585 veram
1076 556 1163 582 esse
1202 541 1306 582 mihi
1330 568 1333 571 -
1357 554 1638 596 nequaquam

267 627 550 676 compertum.
594 618 707 658 Dixit
739 617 851 657 enim
882 615 1091 655 nuncius:
1129 614 1252 653 mala
1284 613 1370 653 aba·
1399 627 1490 653 non
1522 626 1638 651 vun-

268 695 511 733 ee‘cwere'm:
555 690 663 746 quid
697 689 782 729 hoc
815 694 875 728 est
905 687 1005 727 nisi:
1047 686 1150 726 nolo
1182 685 1267 725 ίίόί
1295 685 1417 725 mala
1449 685 1639 724 nemcia-

269 779 339 813 re,
379 765 405 803 i.
436 778 471 803 c.
506 760 731 802 reticebo?
771 761 844 800 His
880 758 1110 815 respondet
1142 758 1335 797 Iocasta:
1381 759 1425 797 sc‘
1454 770 1520 796 me
1551 770 1642 795 non

271 834 486 891 effizgerc’s
512 848 601 890 per
631 839 796 874 aerem.
838 825 993 871 Annon
1024 830 1108 869 hoc
1139 836 1222 869 est:
1271 829 1463 877 lucebis,
1509 833 1552 867 el
1579 841 1644 866 me

271 907 462 955 celabis,
498 908 542 946 εἰ
568 905 640 946 Ιιιό
667 905 921 951 manseris,
955 917 1034 942 nec
1064 916 1130 941 me
1158 899 1400 957 effitgerc's;
1435 901 1510 939 sin
1534 897 1642 952 effic-

270 982 395 1035 geris
433 992 498 1018 me
531 979 581 1017 z'n
616 982 791 1022 aerem,
831 977 881 1014 z'tz
916 980 1022 1014 aifre
1059 973 1173 1013 mila·
1202 971 1454 1012 narrabis?
1500 971 1646 1026 Egone

274 1051 464 1099 somnio,
498 1064 553 1090 an
579 1048 688 1089 haec
714 1047 948 1087 difficultas
974 1046 1233 1100 Interpretes
1262 1044 1415 1084 latuit?
1450 1043 1649 1097 Recepto

274 1138 296 1163 e
325 1122 541 1163 nonnullis
571 1120 700 1161 codd.
731 1136 777 1176 με
803 1132 882 1174 pro
909 1135 981 1174 γε,
1014 1118 1207 1172 corrigo:
1240 1117 1284 1161 ἢν
1317 1116 1366 1161 δή
1399 1133 1445 1172 με
1475 1115 1649 1173 φεύγων,

277 1196 320 1235 in
351 1207 440 1249 quo
468 1192 517 1238 ὃν]
550 1192 707 1233 habeat
738 1191 900 1231 ironiae
930 1190 1028 1231 vim.
1068 1189 1185 1228 Haec
1213 1188 1447 1236 correctio,
1482 1194 1527 1226 ut
1555 1200 1649 1241 spc-

276 1281 344 1316 ro,
370 1267 503 1321 magis
529 1263 732 1305 arridebit
754 1261 962 1302 Ahrensio
991 1275 1124 1316 quam
1147 1260 1334 1314 suspicio
1361 1259 1510 1314 ipsius,
1543 1272 1647 1297 con-

280 1338 509 1378 tinuandos
545 1350 630 1376 esse
667 1335 861 1374 locastae
892 1340 974 1372 tres
1003 1346 1147 1372 versus
1178 1331 1283 1371 1221
1298 1330 1483 1379 -1223;
1516 1330 1559 1369 in
1590 1344 1649 1370 vs.

280 1417 424 1451 autem
455 1408 566 1448 1222
592 1408 724 1446 latere
751 1419 923 1461 gravem
951 1403 1174 1460 quandam
1199 1402 1490 1442 minationem.
1527 1401 1652 1457 Inge-

280 1482 447 1522 niosum
487 1479 572 1519 hoc
617 1485 700 1528 est3
752 1477 826 1517 sed
865 1491 952 1517 non
994 1475 1120 1517 video
1159 1487 1273 1529 quae
1316 1487 1465 1529 graves
1514 1473 1655 1512 minae

279 1555 493 1594 Iocastam
519 1551 671 1591 decere
692 1549 868 1605 possint.
904 1547 1002 1590 Vid.
1028 1546 1225 1587 Ahrensii
1250 1545 1506 1601 perdoctam
1530 1543 1656 1585 Com-

279 1631 410 1666 ment.
446 1624 515 1664 De
547 1621 685 1663 Cra-si
711 1626 753 1662 et
782 1619 1065 1675 Almam-esi,
1096 1634 1142 1673 p.
1166 1618 1229 1658 ll.
1271 1616 1378 1658 Cum
1405 1623 1571 1664 nostra,
1609 1622 1655 1655 ut

282 1704 413 1753 puto,
442 1694 680 1736 necessaria
708 1692 1006 1733 emendatione
1029 1691 1192 1746 optime
1219 1689 1418 1729 concinet
1443 1688 1486 1728 in
1512 1688 1658 1742 proxi-

282 1783 353 1810 mo
388 1782 512 1809 versu
550 1765 746 1822 ἀγαθοῖσί
779 1780 835 1806 σοι
876 1778 956 1819 pro
1000 1764 1192 1819 ἀγαθοῖσι
1224 1763 1328 1810 σοῖςε
1372 1774 1472 1800 nam
1512 1760 1654 1808 bona,

288 1854 402 1896 quae
451 1838 596 1880 adhuc
634 1837 863 1878 nunciarat
903 1836 1113 1884 nuncius,
1161 1848 1250 1874 non
1288 1833 1423 1888 magis
1466 1832 1659 1872 Iocastac

288 1919 432 1961 erant,
469 1925 602 1966 quam
632 1909 825 1950 omnium
856 1907 1173 1948 Thebanorum.

354 1983 475 2024 1225.
517 1982 621 2023 ἀλλὰ
645 1984 805 2038 μηνῦσαι
827 1983 951 2021 κακοί.
998 1979 1150 2019 Utrum
1177 1977 1307 2025 ε”ἀσας
1334 1973 1660 2028 intelligendum

291 2056 341 2096 sit
373 2069 428 2095 an
457 2054 653 2101 ἐκέλευσας
688 2052 847 2108 ambigi
876 2056 1040 2106 potest;
1083 2049 1157 2089 sed
1186 2048 1344 2088 Klotzii
1380 2059 1509 2087 causa
1540 2059 1659 2085 com-

291 2125 618 2167 memorandum
658 2124 769 2164 haec
807 2113 977 2178 plenius
1015 2127 1266 2162 retractasse
1301 2117 1664 2161 Valckenaerium

295 2199 350 2239 ad
376 2196 536 2237 Herod.
553 2195 651 2238 VII.
671 2193 766 2234 104.
787 2218 844 2224 —
871 2192 1096 2233 Caeterum
1122 2205 1272 2233 vereor
1295 2203 1349 2230 ne
1375 2189 1530 2244 fugerit
1554 2188 1662 2227 Poe-

296 2277 383 2310 tam
414 2282 501 2309 non
529 2267 605 2307 sibi
638 2272 834 2307 constare
862 2264 1093 2312 nuncium,
1129 2263 1206 2318 qui
1235 2275 1352 2302 nune
1384 2260 1563 2300 sollicite
1589 2260 1664 2299 de-

297 2347 498 2397 precetur
529 2353 582 2380 ne
609 2340 800 2378 futuram
842 2336 1127 2376 calamitatem
1164 2334 1353 2374 filiorum
1376 2333 1501 2372 matri
1532 2345 1666 2387 expo-

297 2420 394 2462 nat,
439 2425 538 2452 mox
576 2423 676 2451 vero
716 2409 759 2449 in
799 2408 886 2448 fine
927 2407 1150 2455 sermonis,
1200 2402 1513 2452 1265—1270,
1558 2409 1667 2442 tam-

298 2499 432 2540 quam
463 2482 636 2523 unicam
666 2480 976 2537 provisionem,
1012 2477 1193 2518 eandem
1222 2476 1419 2516 hortetur
1450 2481 1495 2514 ut
1526 2488 1668 2529 quan·

299 2564 451 2612 tocyus
484 2554 540 2595 ad
571 2559 708 2594 castra
739 2557 968 2608 properet,
1008 2549 1267 2603 monitisque
1300 2560 1492 2603 pugnam
1525 2546 1668 2601 singu-

300 2630 431 2668 larem
478 2627 658 2666 fratrum
700 2629 956 2679 praevertat.
1017 2621 1124 2669 Hic,
1165 2620 1196 2660 si
1237 2632 1470 2674 umquam,
1515 2619 1671 2665 πάθους

300 2699 488 2740 studium
520 2704 804 2738 transversum
834 2694 918 2750 egit
950 2692 1223 2747 Euripidem.-
1579 2745 1584 2748 ‚

364 2770 487 2811 1232.
521 2766 626 2818 ἔλεξε
660 2766 722 2809 δ’·
759 2763 790 2807 ὦ
826 2772 895 2821 γῆς
927 2763 1120 2813 Ἑλλάδος
1151 2762 1434 2823 στρατηλάται.
1482 2760 1673 2801 Duorum
