2020 3326
378 237 457 277 142
775 226 1334 270 COMMENTARIUS.

369 375 492 420 tiam,
525 382 639 425 quae
668 367 866 421 fingitur,
902 364 985 403 hoc
1015 363 1168 411 modO,
1203 364 1279 402 nisi
1312 363 1452 411 fallor,
1488 363 1728 402 enuntiatu-

370 459 440 484 rns
471 447 559 481 crat
599 438 723 477 Poeta

575 509 721 566 μέλλειν
753 505 943 560 ὅπλοισιν,
974 504 1072 564 ἀμφὶ
1103 503 1198 546 Ka&
1201 506 1312 561 μείων
1344 504 1479 553 πύλαις
1493 539 1509 559 j

575 581 681 623 πόλιν
711 579 918 620 κυκλώσειν
951 577 1075 619 αὐτίκ’
1107 577 1288 637 Ἀργείων
1320 579 1501 636 στρατόν.

368 655 619 697 Matthiaeus
638 653 812 711 πύργοισι
837 657 877 690 et
894 650 1036 692 ὅπλοισι
1062 649 1293 689 arbitratur
1313 649 1355 690 ἐκ·
1377 648 1623 709 παραλλήλου
1648 662 1729 704 po-

366 729 442 768 sita
474 739 581 766 esse:
626 724 711 764 hoc
748 729 864 762 recte
902 721 1160 777 improbavit
1201 722 1341 761 Herm.
1383 721 1439 761 ad
1470 721 1567 761 Hel.
1604 734 1663 761 vs.
1689 720 1729 759 3.

368 801 441 841 ubi
472 798 586 839 varie
628 801 838 836 tentatum
869 794 965 849 γύας
996 793 1258 833 sanissimum
1292 800 1376 841 est,
1419 793 1493 833 sed
1524 794 1732 846 interpre-

367 871 545 912 tandum
573 882 623 908 ex
649 872 884 922 praecepto
911 866 1312 921 grammaticorum:
1351 864 1434 906 ὅλον
1463 866 1568 907 κατὰ
1598 866 1729 923 μέροςε

365 937 471 983 dicit
511 941 622 980 enirn
659 938 817 978 Helena
851 937 993 976 Nilum
1024 936 1208 991 Aegypti
1240 937 1375 976 solum
1409 937 1570 992 rigare,
1607 949 1733 992 prae-

366 1013 508 1054 sertim
540 1025 682 1058 arva,
724 1022 818 1048 cam
847 1014 1014 1063 partem
1045 1008 1252 1063 Aegypti,
1288 1022 1419 1062 quam
1444 1008 1601 1050 fluvius
1637 1007 1733 1047 »ni-

367 1099 443 1141 gra
474 1082 677 1123 fecundat
697 1080 868 1121 arena.”
895 1103 952 1109 -—
978 1080 1028 1119 In
1052 1079 1324 1120 Phoenissis
1355 1085 1496 1120 autem
1526 1079 1733 1119 Herman-

366 1171 422 1197 no
453 1157 624 1197 πυκνοῖσι
654 1152 906 1208 languidum
934 1151 1126 1202 videtur;
1159 1151 1263 1191 mihi
1293 1151 1412 1191 haud
1442 1151 1575 1207 magis
1606 1164 1738 1205 quam

367 1228 509 1268 densa
546 1227 668 1266 acles
711 1223 778 1264 vel
821 1224 998 1278 stipata
1045 1237 1174 1263 arma
1216 1236 1364 1262 corum
1416 1235 1526 1277 quos
1579 1221 1735 1262 deinde

368 1300 480 1339 idem
519 1297 657 1338 Creon
690 1296 877 1353 ἀφθόνους
915 1301 1058 1334 vocat.
1109 1294 1548 1334 Animadvertendum
1592 1299 1735 1333 autem

368 1377 457 1411 erat
488 1370 604 1409 hunc
637 1367 828 1408 Creontis
863 1379 1098 1405 sermonem
1131 1379 1230 1405 cum
1266 1365 1438 1405 Eteocle
1470 1378 1520 1404 eo
1563 1363 1736 1404 tendere

369 1449 415 1482 ut
459 1455 518 1482 vs.
561 1440 734 1480 demum
776 1435 873 1478 740.
919 1442 1061 1475 narret
1108 1443 1269 1491 septem
1307 1435 1562 1490 Argivorum
1604 1434 1736 1474 duces

368 1513 554 1569 singulos
590 1510 775 1565 singulas
812 1507 928 1547 urbis
960 1513 1107 1561 portas
1141 1513 1181 1547 et
1209 1507 1473 1546 munimenta
1502 1498 1733 1561 oppugna-

368 1592 484 1624 turos
515 1597 614 1623 csse.
649 1581 776 1621 Initio
810 1580 940 1635 igitur
970 1592 1056 1618 non
1087 1577 1292 1618 attinebat
1328 1591 1446 1617 arces
1477 1589 1734 1617 commemo-

369 1669 482 1705 rare3
521 1660 686 1695 tantum
716 1657 862 1692 narrat
895 1649 1032 1690 Creon
1061 1649 1202 1689 hostes
1234 1663 1333 1689 mox
1369 1648 1517 1688 urbem
1549 1648 1733 1688 circum-

369 1728 544 1767 daturos
586 1739 684 1765 esse.
741 1724 784 1764 Si
816 1723 986 1763 πυκνοῖσι
1018 1720 1211 1776 adiungit
1241 1720 1403 1768 Creon,
1442 1719 1575 1774 magis
1607 1718 1733 1758 etiam

368 1804 549 1853 apparet
581 1796 792 1837 temeritas
823 1794 997 1847 reliquis
1025 1806 1214 1848 congrua
1242 1793 1285 1831 in
1308 1791 1491 1831 Eteoclis
1515 1803 1731 1845 responso.

368 1870 616 1909 Portentum
643 1853 729 1907 non
758 1872 841 1914 est,
882 1865 913 1904 si
941 1863 1137 1904 librarius
1162 1863 1205 1903 in
1232 1862 1379 1902 fabula
1407 1862 1549 1902 Martis
1575 1867 1615 1900 et
1637 1875 1732 1901 mu-

367 1941 653 1981 nimentorum
684 1939 810 1994 plena
842 1937 1014 1996 πύργοισι
1045 1949 1144 1976 cum
1175 1936 1343 1976 πυκνοῖσι
1373 1932 1584 1974 confudit.

425 2013 523 2053 722.
571 2010 689 2065 τοῦθ’,
729 2010 833 2069 ὁρῶ,
875 2008 1013 2051 πολλοῦ
1045 2009 1171 2049 πόνου.
1219 2006 1380 2047 Seclusi
1423 2004 1599 2047 verbum
1628 2004 1732 2062 ὁρῶ,

368 2083 574 2138 quoniam
610 2083 655 2122 in
685 2082 769 2122 hac
809 2081 1127 2121 constructione
1156 2077 1373 2135 participii
1403 2080 1442 2119 ὅν
1471 2076 1637 2117 omissio
1668 2075 1732 2115 in-

368 2154 488 2194 solita
519 2160 578 2194 est
610 2167 691 2193 nec
724 2152 922 2201 ferenda,
970 2152 1069 2192 licet
1098 2151 1293 2190 Klotzius
1337 2155 1496 2190 vertat:
1546 2147 1627 2187 lzoc
1667 2148 1733 2187 υί-

369 2225 447 2265 deo
478 2225 610 2265 multi
639 2224 824 2265 laboris.
874 2224 916 2264 Si
947 2224 1040 2283 ὁρᾷς
1076 2222 1268 2262 absolute
1297 2233 1625 2274 nonnumquam
1653 2231 1734 2272 po-

370 2296 511 2345 nitur,
560 2295 712 2350 quidni
750 2295 855 2354 ὁρῶὲ)
899 2295 1059 2349 quidve
1093 2293 1148 2333 ad
1191 2291 1552 2332 constructionem
1597 2288 1735 2330 differt

369 2368 442 2425 ὁρῶ
482 2367 535 2407 ab
565 2365 668 2408 δοκῶ
699 2367 742 2406 in
772 2366 971 2420 Aeschyli
1001 2365 1152 2405 From.
1182 2362 1284 2404 289.
1325 2362 1459 2418 Soph.
1498 2360 1602 2402 Θεοί.
1638 2356 1730 2400 Col.

371 2437 486 2478 992?
528 2439 751 2478 Praeterea
782 2437 859 2498 ὁρῶ
889 2438 932 2477 in
966 2436 1236 2476 Phoenissis
1262 2448 1347 2474 non
1378 2439 1439 2474 est
1465 2431 1616 2478 video,
1655 2428 1729 2468 sed

371 2515 421 2548 ut
447 2509 708 2564 praevideo·
741 2509 798 2548 cf.
831 2508 927 2551 716.
975 2506 1217 2548 Sententia:
1260 2505 1389 2554 leaeo,
1431 2504 1615 2558 opinor,
1659 2513 1732 2540 res

372 2582 459 2619 erit
490 2581 619 2620 multi
650 2581 836 2620 laboris.

433 2651 529 2691 724.
572 2651 614 2693 τὸ
645 2659 749 2693 νικᾶν
782 2650 859 2693 ἐστὶ
891 2657 970 2692 πᾶν
1000 2648 1193 2704 εὐβουλία.
1237 2648 1487 2701 Perperam,
1523 2641 1730 2690 arbitror,

374 2722 575 2762 laudatur
604 2723 771 2763 Ileathii
797 2722 1112 2777 interpretatio:
1151 2719 1275 2759 modo
1305 2719 1485 2763 vincas,
1520 2727 1732 2770 quacum-
