2020 3326
568 173 1137 217 COMMENTARIUS.
1464 176 1543 217 145

168 313 310 354 firmat
337 311 460 368 quod
488 312 679 361 conieci,
711 325 854 367 neque
881 313 1108 367 excludit).
1145 312 1230 354 Sed
1256 327 1399 370 neque
1427 313 1543 354 hunc

171 386 378 441 cogitasse
417 384 616 425 videntur
661 390 815 439 poetae
859 385 1030 439 quoties
1071 385 1241 445 οὐράνιον
1272 385 1385 427 πόλον
1423 386 1542 425 dixe-

168 463 292 506 runt,
334 463 374 496 et
406 455 585 496 latinum
619 455 813 495 ammas
846 455 1026 496 eandem
1059 456 1188 497 hahet
1219 458 1544 512 proprietatem.

169 528 282 568 Dicit
326 527 541 568 Eteocles:
599 527 811 566 ambilum
855 529 1053 567 larrium
1094 534 1134 569 et
1176 543 1405 569 murorum
1435 543 1543 584 per-

170 614 365 640 curram.

228 669 326 712 754.
371 673 488 725 ὄνομα
520 668 557 710 δ’
581 669 747 711 ἑκάστου
782 668 962 729 διατριβὴ
986 671 1108 716 πολλὴ
1132 672 1251 728 λέγειν
1282 672 1363 714 κτὲ.
1410 673 1547 713 Recte

170 742 438 782 Hermannus
468 742 573 781 nihil
600 743 677 781 nisi
709 742 793 781 hoc
820 742 1017 783 scholion
1054 746 1276 800 apposuit:
1309 745 1548 804 πεφύλακται

170 812 214 856 δὲ
257 814 328 862 τὰς
371 814 573 869 ὀνομασίας
615 814 744 855 αὐτῶν
784 814 929 870 εἰπεῖν,
962 839 1017 844 —
1061 815 1128 858 dm}
1169 817 1211 859 τὸ
1254 816 1317 859 ὑπ’
1352 817 1547 874 Αἰσχύλου

169 886 350 945 εἰρῆσθαι
381 884 418 927 ἐν
451 887 527 934 τοῖς
560 887 691 928 Ἑπτὰ
722 885 783 927 ἐπὶ
816 885 987 941 Θήβαις.
1035 889 1117 928 Alii
1150 889 1409 945 Interpretes
1437 889 1549 930 Otio-

168 971 281 1007 sam,
312 964 359 998 ut
385 957 590 1007 arbitror,
612 959 908 1013 quaestionem
935 960 1122 1015 agitant,
1153 961 1422 1017 scripseritne
1439 961 1547 1001 haee

172 1028 399 1084 Euripides
438 1036 619 1085 propter
660 1030 942 1071 reverentiam
977 1031 1200 1086 Aeschyli,
1247 1046 1301 1073 an
1345 1039 1391 1072 ut
1433 1032 1551 1073 hune

172 1107 354 1141 notaret.
399 1100 619 1156 Gruppius
648 1101 690 1141 in
721 1100 956 1150 Ariadna,
992 1119 1034 1158 p.
1068 1102 1168 1143 582.
1209 1110 1335 1159 putat
1378 1104 1550 1160 Euripi-

174 1172 272 1212 dem
322 1171 557 1226 Aeschylea
601 1173 814 1227 corrigere
855 1174 1058 1213 voluisse:
1103 1181 1220 1214 eerto
1271 1175 1449 1214 nimium
1493 1181 1553 1215 est

174 1243 296 1298 quod
339 1244 395 1283 ait
431 1243 688 1283 Fritzschius
725 1243 780 1283 ad
811 1243 937 1283 Arist.
976 1243 1096 1284 Ban.
1129 1243 1252 1285 1403.
1289 1245 1552 1301 Aeschylum

176 1314 248 1355 hie
278 1333 298 1373 μ»
316 1315 481 1355 fortiter
507 1314 560 1354 ab
593 1315 798 1370 Euripide
829 1315 1000 1355 rideri.'’
1037 1316 1125 1356 Mea
1156 1316 1386 1372 opinione,
1419 1332 1558 1372 quum

177 1386 402 1441 Euripides
445 1386 710 1442 tragoediam
741 1387 901 1427 faceret
932 1387 1122 1428 dissimili
1154 1389 1331 1428 consilio
1360 1389 1553 1444 Aeschy-

177 1458 292 1506 leae,
334 1463 476 1498 tamen
507 1459 663 1498 veritus
689 1465 748 1498 est
778 1472 833 1498 ne
867 1458 1084 1499 auditores
1112 1473 1320 1500 memores
1351 1459 1553 1516 Aeschyli

176 1528 466 1569 desiderarent
504 1529 626 1569 istam
668 1530 1058 1570 enumerationem:
1104 1531 1148 1571 id
1181 1538 1297 1572 reete
1329 1532 1442 1573 eavit
1473 1532 1553 1573 ad-

178 1599 345 1640 dendo:
372 1599 533 1661 ἐχὲῑρῶν
555 1600 619 1642 ὑπ’
652 1601 780 1650 αὐτοῖς
812 1603 972 1658 τείχεσιν
994 1604 1237 1659 καθημένων.
1272 1603 1424 1659 Aeque
1447 1619 1552 1660 pru-

178 1671 328 1711 denter
376 1673 562 1713 nuneius
603 1673 723 1729 apud
768 1674 1030 1728 Aeschylum
1077 1674 1123 1716 S.
1161 1676 1225 1715 ad
1255 1675 1330 1715 Th.
1367 1674 1453 1717 378
1484 1689 1550 1731 sq.

178 1744 290 1802 πόρον
322 1742 359 1785 δ’
383 1744 553 1801 Ἰσμηνὸν
583 1745 650 1787 οὐκ
682 1745 729 1801 ἐᾷ
752 1753 872 1806 περᾶν
895 1746 943 1788 Ὀ
965 1750 1124 1804 μα’ντις
1161 1747 1203 1789 οὐ
1225 1748 1303 1807 γάρ
1325 1750 1473 1807 σφάγια
1495 1748 1555 1804 γί-

179 1832 308 1872 γνεται
330 1816 436 1857 καλοί
447 1833 454 1856 :
479 1817 594 1857 unde
611 1817 803 1858 nondum
816 1819 1058 1873 periculum
1078 1826 1169 1859 erat
1188 1820 1230 1859 in
1247 1833 1366 1860 mora
1382 1833 1558 1860 enume-

178 1888 365 1928 rationis.
396 1889 701 1930 Putabimusne
725 1890 994 1944 Euripidem,
1019 1906 1157 1945 quum
1179 1891 1387 1931 Theseum
1411 1891 1554 1932 dicen-

179 1966 263 2000 tem
295 1960 454 2000 faeeret
485 1961 528 2000 in
559 1959 722 2016 Secppl.
747 1960 834 2001 846
861 1976 958 2017 sqq.
992 1962 1224 2002 ridiculum
1255 1976 1365 2011 esse,
1400 1963 1431 2002 si
1458 1963 1555 2018 quis

180 2045 355 2071 narrare
396 2031 496 2072 velit
536 2032 634 2086 quis
682 2045 875 2086 quocum
914 2046 1165 2088 congressus
1199 2033 1248 2072 sit
1284 2034 1328 2073 in
1370 2033 1557 2075 duorum

182 2102 446 2143 exercituum
465 2102 686 2151 eonssietu,
701 2103 995 2143 —Homerum
1013 2104 1557 2158 reprehendisseP—Quae

183 2180 333 2230 argute
356 2174 623 2214 Hermannus
647 2174 690 2213 in
714 2173 851 2213 Praef.
880 2188 923 2228 p.
942 2189 1027 2214 xlx.
1053 2175 1265 2230 disputat,
1294 2189 1344 2216 eo
1371 2176 1556 2231 ineptio-

183 2259 272 2285 rem
301 2245 415 2285 hane
443 2244 814 2299 reprehensionem
836 2258 923 2285 esse
952 2245 1075 2300 quod
1099 2246 1189 2300 ipse
1218 2246 1442 2301 Euripides
1468 2248 1558 2288 eius

182 2317 354 2371 peceati
392 2316 532 2355 statim
577 2330 618 2355 se
654 2329 774 2356 reum
807 2315 1011 2370 praebeat
1057 2316 1320 2372 (significans
1351 2319 1556 2360 mandata

186 2387 369 2428 Eteoclis
384 2387 502 2427 haud
518 2387 753 2427 necessaria
769 2387 823 2427 de
845 2387 1153 2442 despondenda
1174 2387 1389 2444 Antigona
1411 2396 1449 2429 et
1472 2391 1559 2430 eol-

182 2459 381 2514 loquium
416 2458 602 2499 eiusdem
639 2472 738 2499 eum
770 2458 969 2513 Tiresia),
1012 2458 1142 2499 Poeta
1179 2459 1286 2499 haec
1321 2461 1560 2503 necessaria

188 2531 377 2585 putavit,
406 2536 577 2571 rectene
596 2544 649 2570 an
669 2543 814 2579 secus,
844 2543 932 2570 non
958 2543 1146 2585 quaer03
1173 2530 1245 2570 sed
1264 2530 1382 2571 haud
1408 2533 1563 2574 mirum

188 2608 248 2641 est
279 2615 399 2650 eum,
444 2615 497 2642 ne
528 2601 714 2641 Fabulae
744 2602 957 2641 actionem
982 2602 1105 2642 nimis
1132 2602 1423 2656 protraheret,
1457 2606 1559 2645 omi-

188 2673 283 2713 sisse
309 2687 422 2728 quae
450 2673 594 2714 abesse
621 2679 844 2729 poterant,
880 2679 920 2713 et
945 2672 1205 2729 significasse.
1230 2688 1308 2715 cur
1332 2676 1558 2717 omitteret.

1267 2744 1330 2790 10
