2020 3326
630 209 1072 261 PRAEFATIO.
1491 224 1533 249 n

169 351 314 407 gustiis
341 356 457 390 erant
488 349 780 396 coarctanda,
810 349 984 389 horrent
1013 349 1127 388 omni
1151 362 1306 405 genere
1337 361 1539 403 compen-

169 437 337 477 diorum
377 443 418 476 et
458 436 675 492 siglarum.
723 435 818 475 Non
856 442 915 475 est
969 434 1146 490 quidem
1183 436 1227 476 in
1264 435 1326 476 his
1357 435 1539 475 multum

169 522 328 577 negotii
353 522 432 562 nisi
461 535 615 578 graece
640 520 927 561 nescientibus
956 528 1030 562 aut
1062 522 1166 562 alias
1193 536 1259 562 res
1290 520 1536 578 agentibus3

169 622 269 648 nam
303 608 662 664 compendiorum
698 607 835 648 forma
866 608 1026 648 stabilis
1059 615 1118 648 est
1149 615 1189 649 et
1225 607 1439 649 vocabula
1472 607 1541 647 de-

172 700 340 752 curtata
372 707 461 749 quo
494 694 624 734 modo
657 693 884 734 scribenda
915 695 1017 741 sint,
1059 707 1109 734 ex
1140 694 1230 750 ipsa
1263 693 1469 734 sententia
1501 699 1542 732 et

169 780 340 836 linguae
370 794 448 820 usu
474 779 724 836 ambiguum
754 793 841 820 esse
876 794 963 820 non
1002 786 1163 835 potest:
1207 780 1282 820 sed
1313 778 1538 827 Graeculi,

171 865 248 920 qui
291 879 341 906 ex
379 866 566 921 antiquis
592 865 723 906 *libris
763 865 870 906 haec
913 866 1056 906 omnia
1085 865 1414 915 describebant,
1456 879 1543 905 non

169 964 218 991 ea
259 957 380 991 erant
411 952 565 1006 peritia
606 958 646 991 et
677 951 917 1008 diligentia,
963 965 1077 1007 quae
1104 952 1149 992 in
1187 952 1260 992 tali
1290 965 1336 992 re
1372 950 1547 1008 prorsus

173 1037 421 1092 requiritur.
468 1036 662 1093 Apparet
688 1038 773 1078 iam
801 1037 901 1078 olim
930 1038 1116 1092 plurima
1143 1038 1310 1078 lacunis
1340 1037 1475 1078 hiasse
1505 1044 1546 1078 et

172 1122 372 1162 miserum
402 1123 446 1163 in
474 1123 651 1163 modum
689 1123 868 1163 confusa
899 1130 940 1162 et
971 1129 1175 1178 corrupta
1208 1123 1350 1163 fuisse.
1395 1123 1545 1163 Libra-

173 1208 222 1247 rii
260 1208 483 1257 socordes,
524 1209 601 1264 qui
641 1221 829 1263 quorum
868 1207 1112 1248 scribebant
1145 1221 1301 1263 parum
1339 1214 1412 1248 aut
1442 1207 1547 1248 nihil

176 1293 494 1350 intelligebant,
536 1293 692 1348 passim
729 1299 770 1333 et
803 1294 1036 1334 omiserunt
1071 1294 1238 1349 aliquid
1273 1301 1314 1334 et
1345 1294 1388 1334 in
1427 1307 1547 1334 corn-

171 1378 337 1435 pendiis
381 1379 657 1435 expediendis
694 1386 942 1421 erraverunt
973 1386 1014 1420 et
1043 1379 1381 1435 quibuscunque
1411 1379 1548 1420 modis

173 1464 321 1505 turbas
355 1465 582 1506 dederunt.
631 1465 815 1506 Istorum
849 1479 1033 1515 errores,
1074 1466 1340 1522 ubicumque
1369 1466 1548 1522 simplex

175 1551 432 1592 emendandi
464 1553 573 1592 ratio
607 1551 891 1601 occurrebat,
936 1553 1128 1601 correxi,
1168 1553 1366 1609 apposita
1405 1552 1547 1593 fideli-

177 1643 239 1676 ter
270 1637 445 1693 singulis
481 1638 685 1678 codicum
721 1639 935 1694 scriptura
973 1639 1102 1679 etiam
1132 1639 1177 1679 in
1210 1638 1447 1687 levissimis,
1485 1652 1548 1678 ra-

174 1729 241 1763 tus
270 1724 314 1764 in
340 1722 414 1773 iis,
446 1738 560 1779 quae
590 1725 777 1780 primurn
804 1739 826 1765 e
859 1725 1085 1766 codicibus
1116 1726 1356 1781 prodeant‚
1389 1725 1547 1766 nemini

173 1808 585 1864 quidquamlicere:
614 1817 836 1867 praeterea
862 1811 934 1851 ubi
965 1813 1107 1867 potui,
1137 1812 1344 1868 originem
1374 1812 1548 1852 vitiosae

179 1895 371 1935 lectionis
389 1896 558 1951 aperui:
585 1897 765 1952 reliqua,
792 1896 951 1951 quibus
972 1897 1209 1953 probabilis
1235 1898 1445 1938 correctio
1462 1911 1549 1937 non

175 1980 456 2036 suppetebat,
489 1983 737 2024 criticorum
760 1983 1006 2040 diligentiae
1033 1991 1073 2024 et
1098 1984 1285 2024 acumini
1310 1983 1546 2024 committo.
1606 1994 1608 1997 ·

179 2065 300 2117 Quae
329 2067 499 2108 scholiis
523 2069 566 2108 in
593 2068 827 2110 codicibus
864 2070 1059 2126 praefixa
1092 2077 1188 2111 sunt
1212 2070 1430 2119 lemmata,
1463 2069 1552 2125 ple-

177 2165 314 2206 raque
339 2153 519 2193 servavi:
550 2153 622 2194 ubi
648 2155 798 2196 omissa
824 2162 943 2196 erant
968 2163 1042 2196 aut
1064 2155 1338 2212 perturbata,
1370 2155 1422 2195 de
1450 2169 1550 2196 con-

174 2237 338 2277 iectura
381 2237 587 2293 adscripsi
618 2239 785 2288 locum,
829 2253 918 2294 quo
949 2240 1222 2280 referendum
1256 2240 1451 2281 scholion
1488 2241 1550 2281 vi-

179 2323 376 2364 debatur.
418 2323 564 2363 Solent
593 2324 679 2364 sere
710 2324 870 2365 librarii
898 2325 1019 2366 initia
1047 2340 1267 2376 versuum,
1302 2340 1393 2382 quo
1420 2326 1547 2368 scho-

178 2410 235 2450 lia
269 2410 510 2465 pertinent,
544 2423 788 2466 apponere,
825 2411 951 2451 etiam
983 2411 1057 2452 ubi
1090 2411 1147 2452 ad
1180 2418 1413 2453 extremam
1445 2428 1548 2469 par·

180 2501 264 2535 tem
289 2495 472 2536 refertur
497 2496 740 2537 annotatio:
770 2495 866 2538 vide
894 2497 949 2537 ad
966 2497 1159 2539 Rhesum
1186 2512 1243 2539 vs,
1267 2497 1361 2539 165.
1396 2499 1445 2540 In
1464 2499 1546 2541 Co-

181 2579 350 2621 dicibus
390 2580 677 2623 subiiciuntur
713 2583 920 2623 lemmatis
957 2583 1045 2625 duo
1084 2591 1247 2640 puncta
1285 2585 1380 2641 [:]:
1434 2587 1547 2627 idem

183 2681 261 2723 ego
287 2668 367 2708 feci
400 2667 469 2709 ubi
498 2668 668 2710 codices
695 2675 865 2711 secutus
895 2685 1009 2711 sum:
1044 2671 1086 2712 in
1114 2672 1287 2728 reliquis
1314 2674 1437 2728 posui
1465 2673 1548 2714 hoe
