2020 3326
421 244 502 285 118
812 241 1376 284 COMMENTARIUS.

418 379 543 419 fuisse
574 375 948 419 commemoranda
983 389 1111 416 causa
1143 376 1390 416 reducendi
1413 377 1565 417 ambos
1591 392 1781 434 generos

415 453 466 489 in
495 451 718 504 patriam.
779 446 934 501 Itaque
971 446 1075 486 dum
1114 447 1263 487 melius
1300 446 1408 502 quid
1439 447 1509 487 alii
1540 448 1785 498 inveniant,

416 519 626 574 corrigam
656 519 856 576 συμφυγὰς
887 521 968 577 γάρ
999 517 1074 559 ἐστ’
1108 517 1210 573 ὲμὲς.

473 589 558 630 436
584 604 648 645 sq.
709 589 821 638 ,θεοὺς
863 589 900 631 δ’
933 589 1119 647 ἑπώμονϊ,
1173 590 1223 638 ὡς
1264 590 1447 638 ἀκουσίως
1488 592 1563 638 τοῖς
1594 589 1782 650 φιλτάτοις

413 663 556 704 ἑκοῦσιν
598 664 750 722 ἠράμην
793 660 902 721 δόρυ.
962 662 1075 702 Libri
1117 662 1264 718 scripti
1307 661 1468 702 habent
1510 666 1676 704 τοκεῦσιν
1716 665 1780 704 vel

411 739 590 791 γονεῦσιν.
637 734 828 774 Servavit
858 733 1003 773 Scliol.
1033 739 1217 773 veterem
1248 733 1475 773 lectionem
1505 734 1674 790 ἑκοῦσιν,
1708 748 1780 774 ex-

413 807 614 861 quisitam
651 806 788 854 illam,
833 819 947 860 quae
978 818 1120 844 errore
1160 804 1262 845 abiit
1300 805 1343 845 in
1374 809 1560 847 τεκοῦσινε
1594 806 1702 855 hoc,
1739 812 1785 846 ut

410 879 487 927 fit,
531 879 574 918 in
608 880 790 919 τοκεῦσιν.
850 876 1147 917 Commemoro
1188 876 1272 916 hoc
1314 877 1473 917 Klotzii
1505 891 1663 925 causa,
1708 877 1783 932 qni

409 950 682 1006 corruptelae
713 949 1051 1005 progressionem
1084 961 1311 1003 perperam
1346 949 1542 998 invertit,
1577 949 1685 1004 quin
1716 934 1795 989 va·-

412 1024 607 1063 rietatem
651 1021 791 1063 ἑκοῦσιν
830 1020 952 1060 nihili
996 1033 1082 1059 esse
1115 1019 1364 1068 confirmat,
1408 1019 1492 1059 hoc
1534 1026 1786 1076 argumento

413 1109 538 1144 usus,
587 1093 706 1149 quod
739 1094 784 1133 in
827 1091 991 1132 scholio
1035 1090 1133 1131 cod.
1180 1090 1290 1146 Aug.
1329 1104 1410 1146 pro
1445 1092 1560 1132 varia
1603 1091 1787 1131 lectione

416 1165 591 1206 affertur
617 1168 799 1206 τεκοῦσινε
836 1163 998 1204 scilicet
1025 1162 1127 1217 (hoc
1154 1163 1265 1202 enim
1292 1163 1655 1217 complementum
1685 1162 1787 1202 omi-

415 1239 466 1278 sit
495 1237 708 1287 Klotzius)
762 1239 951 1296 γράφεται
1003 1233 1067 1275 καὶ
1110 1237 1305 1289 τεκοῦσιν,
1346 1233 1389 1275 ἵν’
1432 1232 1482 1291 ᾖ,
1525 1239 1578 1292 τῷ
1630 1233 1788 1293 ἀδελφῷ

414 1325 508 1367 μουε
555 1308 672 1348 unde
710 1308 902 1362 sequitur
943 1313 1089 1361 petere
1135 1306 1355 1345 Klotzium
1395 1306 1693 1346 auctoritatem
1734 1305 1789 1345 ab

414 1381 654 1422 Scholiasta
683 1379 759 1435 qui
795 1378 1031 1418 narraverit
1069 1377 1248 1431 perinde
1278 1390 1364 1416 esse
1393 1382 1614 1431 parentes
1644 1377 1784 1426 dicas,

417 1468 471 1494 an
489 1451 710 1507 fratrem.
750 1450 867 1490 Haec
899 1448 1147 1495 conclusio,
1181 1454 1227 1487 ut
1258 1461 1406 1502 spero,
1442 1447 1694 1488 absterrebit
1725 1449 1786 1488 vi-

416 1539 512 1565 rum
538 1522 842 1563 doctissimum.
879 1520 961 1572 Qui
990 1523 1154 1561 τοκεῦσιν
1181 1519 1417 1574 recipiunt,
1448 1519 1506 1558 sic
1533 1519 1789 1560 ratiocinan-

414 1604 505 1637 tur:
548 1608 716 1649 »quum
746 1592 914 1632 Iocasta
946 1597 986 1631 et
1017 1591 1209 1645 Oedipus
1245 1591 1356 1631 cives
1386 1596 1425 1630 et
1455 1590 1622 1630 incolae
1653 1597 1788 1630 essent

415 1666 680 1709 Thebarum,
719 1663 911 1719 quodam
937 1663 1067 1702 modo
1093 1663 1220 1702 etiarn
1251 1668 1400 1702 contra
1431 1660 1508 1701 lios
1533 1676 1649 1702 arma
1680 1662 1789 1702 serre

414 1738 641 1780 videbatur
668 1735 934 1790 Polynices.'’
987 1734 1113 1774 Haud
1144 1734 1242 1774 satis
1276 1733 1425 1773 firmae
1455 1739 1551 1773 sunt
1582 1734 1791 1788 interpre-

418 1810 599 1850 tationes
628 1821 741 1863 quae
768 1806 897 1846 debili
924 1806 1003 1845 isto
1034 1805 1259 1860 »quodam
1284 1804 1450 1844 modo''
1484 1811 1787 1844 sustentantur.

418 1879 755 1924 Valckenaerius
784 1877 956 1917 Klotzio
987 1877 1097 1916 visus
1129 1882 1188 1915 est
1222 1875 1478 1931 »argutari'’
1513 1875 1557 1915 in
1586 1876 1784 1930 praecla-

419 1967 466 1993 ra
495 1952 567 1992 illa
596 1957 725 1998 nota,
763 1949 835 1989 ubi
865 1948 1006 1989 ἑκοῦσιν
1036 1947 1267 2003 explicuit3
1305 1946 1375 1986 cui
1405 1946 1510 1986 nihil
1540 1946 1677 1995 addo,
1713 1946 1790 1986 nisi

419 2024 528 2064 adeo
562 2021 847 2062 necessarium
881 2033 967 2059 esse
1015 2025 1061 2059 ut
1103 2018 1219 2058 dicat
1262 2017 1488 2071 Polynices
1527 2030 1569 2057 se
1613 2017 1792 2058 invitum

422 2095 584 2135 bellum
613 2093 769 2134 inferre
804 2091 923 2131 fratri
957 2091 1133 2131 volenti
1173 2089 1217 2144 (i.
1251 2103 1287 2129 e.
1332 2089 1492 2129 bellum
1517 2091 1794 2144 provocanti

421 2181 469 2208 eo
511 2165 633 2222 quod
679 2164 832 2204 cedere
871 2163 1012 2203 nollet
1050 2175 1212 2216 regno,
1267 2175 1354 2215 quo
1397 2162 1570 2200 iniuste
1611 2163 1787 2215 politus

424 2237 586 2291 esset),
616 2243 663 2276 ut
688 2235 882 2275 omittere
910 2234 953 2274 in
980 2233 1064 2273 hac
1095 2231 1378 2272 obtestatione
1408 2231 1600 2286 factique
1633 2231 1695 2271 sui
1727 2245 1793 2271 ex-

424 2309 642 2349 cusatione
670 2321 758 2347 non
790 2306 934 2362 possit.
981 2304 1088 2344 Nam
1122 2303 1242 2358 quod
1273 2302 1395 2342 affert
1425 2302 1646 2350 Klotzius,
1680 2303 1792 2342 Hea-

422 2380 560 2421 thium
599 2385 790 2426 secutus,
831 2376 1091 2431 Antigonam
1127 2389 1187 2416 vs.
1223 2374 1316 2414 192.
1359 2374 1583 2429 deprecari
1614 2373 1790 2414 servitu-

428 2458 513 2491 tem
541 2474 598 2481 —
629 2462 897 2504 quamquam
927 2447 1150 2501 Polynices
1187 2459 1366 2501 regnum
1405 2451 1595 2499 repetere
1615 2474 1624 2491 ‚
1669 2443 1792 2483 mini-

427 2536 494 2562 me
521 2535 621 2563 vero
647 2535 728 2561 nec
758 2520 870 2560 cives
896 2532 975 2559 nec
1005 2532 1137 2574 genus
1167 2531 1291 2557 suum
1317 2517 1360 2556 in
1387 2515 1630 2555 servitutem
1662 2513 1796 2554 abdu-

429 2606 524 2632 cere
551 2592 650 2632 velit
674 2616 731 2622 —-
749 2623 758 2640 ‚
802 2591 903 2630 hinc
940 2590 1134 2644 sequitur
1164 2595 1330 2628 tantum
1360 2584 1505 2626 terreri
1534 2585 1793 2640 Antigonam

373 2715 375 2718 ι
427 2662 551 2702 minis
581 2661 794 2717 Capanei,
841 2675 954 2716 quae
991 2674 1079 2700 non
1120 2658 1392 2715 pertinebant
1431 2656 1485 2695 ad
1525 2656 1791 2710 Polynicem.

438 2732 647 2783 Omnino,
686 2732 831 2773 fecerit
869 2732 967 2772 licet
1004 2730 1227 2786 Euripides
1263 2727 1461 2782 Aeschyli
1489 2727 1683 2781 exemplo
1719 2726 1794 2767 Ca-
