2020 3326
583 225 1149 270 COMMENTARIUS.
1500 228 1557 268 90

176 369 318 417 cuius,
370 374 416 408 ut
447 366 531 407 hoc
565 372 688 415 utar,
730 373 802 408 est,
827 366 951 422 quod
987 373 1133 407 narrat
1166 366 1420 416 Pausanias,
1461 365 1548 415 IV,

174 439 253 490 34,
283 439 326 480 9.
372 440 564 494 Dryopes
600 438 654 478 ab
686 439 871 479 Hercule
901 438 1093 479 devictos
1127 438 1336 495 gregatim
1362 437 1553 494 Delphos

175 518 398 566 tamquam
437 512 632 568 ἀνάθημα
666 511 810 551 missos
842 523 957 559 csse,
994 510 1060 551 vel
1096 510 1181 558 IX,
1211 510 1291 559 33,
1324 510 1359 550 l.
1403 509 1553 565 λέγεται

176 582 221 625 δὲ
252 582 325 626 ὑπὸ
357 583 546 629 Ἑλλήνων
568 582 760 642 Ἀργείους,
793 582 894 640 μετὰ
916 586 991 624 τῶν
1012 581 1258 631 Πολυνείκους
1281 581 1432 625 παίδων
1451 580 1554 623 ἑλόν-

176 672 247 704 τας
279 653 423 710 Θήβας
456 655 493 704 ἐς
539 654 705 715 Δελφοὺς
736 659 792 713 τῷ
823 656 906 712 θεῷ
939 653 1003 695 καὶ
1037 654 1140 696 ἄλλα
1173 659 1248 697 τῶν
1281 654 1456 715 λαφύρων
1487 652 1553 695 καὶ

176 728 371 788 Τειρεσίαν
402 731 531 785 ἄγειν·
568 752 625 756 -
657 729 724 772 τὴν
757 725 801 768 δὲ
833 728 1037 786 θυγατέρα
1068 730 1134 770 τοῦ
1166 728 1355 788 Τειρεσίου
1387 727 1552 771 δοθῆναι

175 802 242 855 μέν
262 816 354 860 φασι
386 805 441 858 τῷ
463 799 674 843 Ἀπόλλωνι
706 798 794 842 κτὲτ
825 799 856 839 si
883 814 1035 849 unum,
1071 800 1274 855 inquam,
1308 799 1554 854 exemplum

178 873 367 913 attulerit
407 872 742 913 consecrationis
778 885 894 926 quae
930 870 985 911 ab
1027 871 1108 911 isto
1148 885 1266 912 more
1296 871 1426 926 plane
1467 871 1551 911 dif-

176 944 303 993 ferat,
349 944 558 984 immerito
596 957 663 983 me
691 944 830 983 virum
865 942 1191 983 celeberrimum
1227 942 1552 999 reprehendisse

175 1015 434 1056 confitebor.
464 1015 565 1057 Mihi
580 1015 757 1070 quidem
781 1014 825 1055 in
854 1013 938 1054 hoc
966 1014 1064 1055 loco
1091 1014 1276 1055 obscuro
1300 1014 1360 1054 sic
1386 1014 1556 1055 videtur

176 1087 522 1137 conficiendum,
558 1101 580 1128 a
611 1100 701 1142 quo
729 1099 816 1126 non
846 1086 973 1142 longe
1007 1085 1126 1126 abire
1154 1086 1279 1127 video
1305 1086 1549 1132 Klotzium,

176 1158 322 1214 Tyrias
351 1159 532 1216 virgines
562 1157 752 1214 Delphos
781 1157 927 1197 missas
959 1170 1045 1197 esse
1077 1171 1102 1197 a
1132 1157 1313 1212 posteris
1347 1156 1556 1212 Agenoris

176 1237 355 1287 propter
387 1231 545 1286 Tyrum
575 1230 675 1270 olim
709 1243 733 1269 a
759 1228 974 1268 Phoenice
1006 1234 1320 1284 expugnatam,
1355 1228 1421 1269 vel
1450 1241 1554 1283 pro-

175 1308 274 1357 pter
312 1302 471 1357 Tyrum
502 1301 556 1342 ab
591 1300 788 1357 Agenore
825 1299 1070 1349 conditam,
1113 1314 1248 1355 quam
1281 1299 1556 1340 traditionem

176 1373 307 1414 Poeta
347 1374 468 1428 sequi
497 1372 655 1428 potuit.
709 1371 806 1412 Non
848 1371 961 1412 enim
992 1372 1169 1412 fortuito
1211 1370 1461 1412 Phoenissae
1492 1385 1552 1412 vs.

174 1443 261 1485 219
277 1458 341 1500 sq.
378 1451 418 1484 et
445 1443 531 1485 283
555 1458 619 1499 sq.
654 1443 753 1484 coll.
783 1443 885 1484 293.
917 1449 1094 1483 narrant
1122 1457 1164 1483 se
1193 1442 1247 1483 ab
1275 1441 1553 1499 Agenoridis

174 1516 319 1556 missas
350 1529 449 1556 esse.
490 1514 642 1572 Cogita
677 1515 784 1572 ὶιμὸν
818 1515 885 1556 vel
918 1515 1045 1572 λοιμὸν
1081 1515 1148 1556 vel
1181 1514 1377 1570 quamvis
1407 1513 1554 1570 publi-

176 1601 275 1628 cam
306 1588 618 1637 calamitatem,
659 1587 824 1628 oraculi
864 1587 1054 1643 denique
1096 1587 1306 1627 monitum
1335 1592 1381 1626 ut
1408 1586 1557 1642 negle-

177 1665 247 1700 cta
279 1666 472 1715 tempore
502 1666 775 1715 expugnatae
808 1659 874 1701 vel
902 1659 1104 1700 conditae
1136 1657 1253 1698 urbis
1287 1658 1555 1698 consecratio

177 1731 392 1772 donorum
418 1731 724 1780 redimeretur,
746 1755 804 1760 —
827 1730 934 1771 nihil
962 1731 1198 1771 conieceris
1225 1729 1349 1785 quod
1379 1736 1555 1770 contra-

175 1804 286 1844 rium
315 1804 366 1844 sit
396 1803 527 1844 veteri
558 1803 665 1844 mori
699 1803 881 1843 curandi
909 1803 1111 1859 piacula,
1148 1808 1222 1843 aut
1253 1802 1451 1857 neglecta
1486 1815 1555 1841 sa-

176 1889 250 1915 cra
283 1875 508 1915 sarciendi.
532 1900 590 1905 ——
617 1873 845 1915 Caeterum
872 1873 903 1915 si
933 1875 1159 1930 quaeritur
1191 1887 1270 1914 cur
1303 1873 1432 1913 Poeta
1471 1872 1558 1913 hoc

179 1960 268 1987 non
297 1947 526 2002 perspicue
564 1946 846 1996 indicaverit,
895 1946 1146 2002 responderi
1180 1951 1321 2002 potest
1359 1944 1404 1984 in
1450 1958 1557 1985 can-

179 2019 266 2059 tico
295 2018 531 2058 istiusmodi
561 2018 869 2059 obscuritatem
904 2018 1004 2058 ferri
1036 2031 1184 2073 posse,
1222 2016 1296 2056 sed
1330 2029 1380 2055 eo
1411 2021 1555 2056 tamen

178 2096 375 2145 spectare
416 2089 551 2131 videri
599 2104 658 2131 vs.
697 2088 784 2130 205
812 2103 876 2144 sq.
928 2089 1131 2149 ἀκροθίνια
1174 2085 1308 2141 Λοξία
1354 2087 1556 2136 Φοινίσσας

179 2161 258 2204 ἀπὸ
279 2164 397 2202 νάσου
409 2196 426 2216 ,
459 2175 572 2215 quae
597 2174 686 2201 non
714 2174 885 2201 necesse
914 2167 974 2201 est
1003 2161 1122 2216 iungi
1146 2174 1245 2200 cum
1270 2159 1416 2201 ).ιποῦσ’
1439 2157 1556 2214 ἕβαν;

177 2239 401 2288 praeterea
432 2246 489 2272 vs·
514 2230 600 2272 283
625 2246 688 2287 sq.
727 2231 930 2291 Ἀγήνορος
964 2231 1008 2273 δὲ
1040 2231 1179 2280 παῖδες
1211 2230 1254 2272 ἐκ
1275 2230 1425 2274 παίδων
1447 2231 1560 2292 δορὸς

179 2303 309 2362 Φοίβῳ
351 2303 390 2361 μ’
422 2303 596 2361 ἔπεμψαν
636 2302 774 2346 ἐνθάδ’
808 2304 1022 2363 ἀκροθίνιον
1065 2304 1124 2344 ita
1178 2303 1294 2344 dicta
1340 2317 1426 2344 esse
1478 2317 1560 2359 pro

181 2377 440 2433 simpliciore
475 2377 507 2418 οἱ
539 2376 692 2435 Τύριοι,
735 2382 782 2416 ut
814 2390 971 2416 nomen
1010 2375 1217 2432 Agenoris
1257 2374 1418 2415 indicet
1459 2388 1559 2416 eum

181 2450 258 2505 qui
285 2455 432 2490 votum
471 2462 552 2504 pro
594 2455 724 2504 capta
750 2448 863 2503 Tyro
893 2448 1054 2488 solvere
1086 2446 1258 2495 debuit,
1293 2446 1366 2486 sed
1395 2446 1559 2498 omisit3

180 2534 337 2562 nomen
385 2527 654 2577 posterorum
706 2519 913 2576 Agenoris
965 2532 1036 2559 eos
1095 2519 1174 2575 qui
1231 2518 1382 2559 omissa
1443 2518 1564 2559 resti-

184 2599 374 2633 tuerunt.

241 2662 330 2705 208
355 2678 418 2720 sq.
564 2664 604 2705 ’ἵν’
639 2662 711 2706 ὑπὸ
743 2663 895 2723 δειράσι
924 2659 1128 2721 νιφοβόλοις

560 2737 769 2795 Παρνασοῦ
801 2735 1064 2781 κατενασθην.
