<?xml version="1.0" encoding="UTF-8"?>
<!DOCTYPE html PUBLIC "-//W3C//DTD XHTML 1.0 Transitional//EN"
    "http://www.w3.org/TR/xhtml1/DTD/xhtml1-transitional.dtd">
<html xmlns="http://www.w3.org/1999/xhtml" xml:lang="en" lang="en">
 <head>
  <title>
</title>
<meta http-equiv="Content-Type" content="text/html;charset=utf-8" />
  <meta name='ocr-system' content='tesseract 3.04.00' />
  <meta name='ocr-capabilities' content='ocr_page ocr_carea ocr_par ocr_line ocrx_word'/>
</head>
<body>
  <div class='ocr_page' id='page_1' title='image "./phoenissaecumcom00euriuoft_0100.png"; bbox 0 0 2020 3326; ppageno 0'>
   <div class='ocr_carea' id='block_1_1' title="bbox 366 237 1330 285">
    <p class='ocr_par' dir='ltr' id='par_1_1' title="bbox 366 237 1330 285">
     <span class='ocr_line' id='line_1_1' title="bbox 366 237 1330 285; baseline -0.007 0"><span class='ocrx_word' id='word_1_1' title='bbox 366 243 426 285; x_wconf 81' lang='lat'>80</span> <span class='ocrx_word' id='word_1_2' title='bbox 772 237 1330 281; x_wconf 86' lang='lat' dir='ltr'><strong>COMMENTARIUS.</strong></span> 
     </span>
    </p>
   </div>
   <div class='ocr_carea' id='block_1_2' title="bbox 363 373 1743 2779">
    <p class='ocr_par' dir='ltr' id='par_1_2' title="bbox 363 373 1735 1219">
     <span class='ocr_line' id='line_1_2' title="bbox 369 373 1731 429; baseline -0.005 -7"><span class='ocrx_word' id='word_1_3' title='bbox 369 379 535 421; x_wconf 73' lang='lat' dir='ltr'>occidet</span> <span class='ocrx_word' id='word_1_4' title='bbox 565 383 629 425; x_wconf 70' lang='lat' dir='ltr'>fe,</span> <span class='ocrx_word' id='word_1_5' title='bbox 671 374 821 415; x_wconf 89' lang='lat' dir='ltr'>ordine</span> <span class='ocrx_word' id='word_1_6' title='bbox 850 387 1015 428; x_wconf 88' lang='lat' dir='ltr'>ponens</span> <span class='ocrx_word' id='word_1_7' title='bbox 1043 373 1242 415; x_wconf 79' lang='grc' dir='ltr'><em>συνουσίαν</em></span> <span class='ocrx_word' id='word_1_8' title='bbox 1270 379 1311 413; x_wconf 84' lang='lat' dir='ltr'>et</span> <span class='ocrx_word' id='word_1_9' title='bbox 1341 380 1537 428; x_wconf 79' lang='lat' dir='ltr'>partum,</span> <span class='ocrx_word' id='word_1_10' title='bbox 1572 374 1731 429; x_wconf 86' lang='lat' dir='ltr'>probe-</span> 
     </span>
     <span class='ocr_line' id='line_1_3' title="bbox 366 444 1735 506; baseline -0.004 -15"><span class='ocrx_word' id='word_1_11' title='bbox 366 465 451 506; x_wconf 85' lang='lat' dir='ltr'>que</span> <span class='ocrx_word' id='word_1_12' title='bbox 483 449 756 503; x_wconf 88' lang='lat' dir='ltr'>distinguens.</span> <span class='ocrx_word' id='word_1_13' title='bbox 799 445 954 499; x_wconf 87' lang='lat' dir='ltr'>Itaque</span> <span class='ocrx_word' id='word_1_14' title='bbox 982 457 1036 484; x_wconf 88' lang='lat' dir='ltr'>ne</span> <span class='ocrx_word' id='word_1_15' title='bbox 1059 451 1265 485; x_wconf 87' lang='lat' dir='ltr'>accurata</span> <span class='ocrx_word' id='word_1_16' title='bbox 1291 444 1468 499; x_wconf 86' lang='lat' dir='ltr'>quidem</span> <span class='ocrx_word' id='word_1_17' title='bbox 1497 451 1594 485; x_wconf 87' lang='lat' dir='ltr'>sunt</span> <span class='ocrx_word' id='word_1_18' title='bbox 1621 459 1735 500; x_wconf 83' lang='lat' dir='ltr'>quae</span> 
     </span>
     <span class='ocr_line' id='line_1_4' title="bbox 364 515 1733 576; baseline -0.004 -14"><span class='ocrx_word' id='word_1_19' title='bbox 364 526 624 576; x_wconf 83' lang='lat' dir='ltr'>sequuntur,</span> <span class='ocrx_word' id='word_1_20' title='bbox 680 516 755 557; x_wconf 85' lang='lat' dir='ltr'>ubi</span> <span class='ocrx_word' id='word_1_21' title='bbox 797 515 957 556; x_wconf 86' lang='lat' dir='ltr'>dicitur</span> <span class='ocrx_word' id='word_1_22' title='bbox 994 515 1171 570; x_wconf 86' lang='lat' dir='ltr'>quidem</span> <span class='ocrx_word' id='word_1_23' title='bbox 1203 516 1332 556; x_wconf 80' lang='lat' dir='ltr'>La&#39;ius</span> <span class='ocrx_word' id='word_1_24' title='bbox 1376 515 1516 556; x_wconf 86' lang='lat' dir='ltr'>ebrius</span> <span class='ocrx_word' id='word_1_25' title='bbox 1558 529 1733 556; x_wconf 86' lang='lat' dir='ltr'>uxorem</span> 
     </span>
     <span class='ocr_line' id='line_1_5' title="bbox 365 586 1731 643; baseline -0.003 -11"><span class='ocrx_word' id='word_1_26' title='bbox 365 593 526 640; x_wconf 80' lang='lat' dir='ltr'>iniisse,</span> <span class='ocrx_word' id='word_1_27' title='bbox 562 590 616 629; x_wconf 91' lang='lat' dir='ltr'>de</span> <span class='ocrx_word' id='word_1_28' title='bbox 645 594 748 629; x_wconf 86' lang='lat' dir='ltr'>nato</span> <span class='ocrx_word' id='word_1_29' title='bbox 777 601 913 643; x_wconf 88' lang='lat' dir='ltr'>puero</span> <span class='ocrx_word' id='word_1_30' title='bbox 939 586 1058 627; x_wconf 86' lang='lat' dir='ltr'>nihil.</span> <span class='ocrx_word' id='word_1_31' title='bbox 1093 587 1293 643; x_wconf 82' lang='lat' dir='ltr'>Scripsit,</span> <span class='ocrx_word' id='word_1_32' title='bbox 1328 594 1375 627; x_wconf 88' lang='lat' dir='ltr'>ut</span> <span class='ocrx_word' id='word_1_33' title='bbox 1406 587 1614 638; x_wconf 72' lang='lat' dir='ltr'>arbitror,</span> <span class='ocrx_word' id='word_1_34' title='bbox 1646 589 1731 628; x_wconf 85' lang='lat' dir='ltr'>Eu-</span> 
     </span>
     <span class='ocr_line' id='line_1_6' title="bbox 364 657 1733 718; baseline -0.002 -15"><span class='ocrx_word' id='word_1_35' title='bbox 364 662 522 718; x_wconf 82' lang='lat' dir='ltr'>ripides</span> <span class='ocrx_word' id='word_1_36' title='bbox 549 661 634 700; x_wconf 89' lang='lat' dir='ltr'>hoc</span> <span class='ocrx_word' id='word_1_37' title='bbox 666 660 732 700; x_wconf 89' lang='lat' dir='ltr'>vel</span> <span class='ocrx_word' id='word_1_38' title='bbox 764 659 918 699; x_wconf 89' lang='lat' dir='ltr'>simile:</span> <span class='ocrx_word' id='word_1_39' title='bbox 958 660 1123 718; x_wconf 80' lang='grc' dir='ltr'>ἔσπειρεν</span> <span class='ocrx_word' id='word_1_40' title='bbox 1156 660 1246 714; x_wconf 76' lang='grc' dir='ltr'>ἡμῖν</span> <span class='ocrx_word' id='word_1_41' title='bbox 1276 658 1403 701; x_wconf 67' lang='grc' dir='ltr'><em>παῖδα</em></span> <span class='ocrx_word' id='word_1_42' title='bbox 1416 693 1432 714; x_wconf 75' lang='lat'><em>,</em></span> <span class='ocrx_word' id='word_1_43' title='bbox 1470 657 1575 713; x_wconf 68' lang='grc' dir='ltr'>κᾷτα</span> <span class='ocrx_word' id='word_1_44' title='bbox 1606 661 1733 714; x_wconf 78' lang='grc' dir='ltr'>νεόγο-</span> 
     </span>
     <span class='ocr_line' id='line_1_7' title="bbox 364 728 1730 789; baseline -0.004 -13"><span class='ocrx_word' id='word_1_45' title='bbox 364 750 422 776; x_wconf 75' lang='grc' dir='ltr'>νον</span> <span class='ocrx_word' id='word_1_46' title='bbox 451 757 508 763; x_wconf 82' lang='lat'>—</span> <span class='ocrx_word' id='word_1_47' title='bbox 539 730 677 774; x_wconf 71' lang='grc' dir='ltr'><em>δίδωσι</em></span> <span class='ocrx_word' id='word_1_48' title='bbox 709 729 753 785; x_wconf 83' lang='grc' dir='ltr'>β.</span> <span class='ocrx_word' id='word_1_49' title='bbox 790 730 823 772; x_wconf 81' lang='grc' dir='ltr'>ε’.</span> <span class='ocrx_word' id='word_1_50' title='bbox 860 728 1012 789; x_wconf 73' lang='grc' dir='ltr'>βρέφος.</span> <span class='ocrx_word' id='word_1_51' title='bbox 1073 729 1348 786; x_wconf 84' lang='lat' dir='ltr'>Comparavit</span> <span class='ocrx_word' id='word_1_52' title='bbox 1385 731 1597 772; x_wconf 72' lang='lat' dir='ltr'>Por-sonus</span> <span class='ocrx_word' id='word_1_53' title='bbox 1628 732 1730 772; x_wconf 76' lang='lat' dir='ltr'>Ion.</span> 
     </span>
     <span class='ocr_line' id='line_1_8' title="bbox 368 800 1732 861; baseline -0.003 -15"><span class='ocrx_word' id='word_1_54' title='bbox 368 805 434 846; x_wconf 84' lang='lat'>16.</span> <span class='ocrx_word' id='word_1_55' title='bbox 475 803 621 848; x_wconf 78' lang='grc' dir='ltr'>τεκοῦσ“</span> <span class='ocrx_word' id='word_1_56' title='bbox 653 802 693 845; x_wconf 79' lang='grc' dir='ltr'>ἐν</span> <span class='ocrx_word' id='word_1_57' title='bbox 736 803 846 851; x_wconf 81' lang='grc' dir='ltr'>οἴκοις</span> <span class='ocrx_word' id='word_1_58' title='bbox 889 801 1000 845; x_wconf 73' lang='grc' dir='ltr'>παῖδ’</span> <span class='ocrx_word' id='word_1_59' title='bbox 1014 837 1031 857; x_wconf 72' lang='lat'><em>,</em></span> <span class='ocrx_word' id='word_1_60' title='bbox 1074 802 1281 858; x_wconf 75' lang='grc' dir='ltr'><em>ἀπήνεγκεν</em></span> <span class='ocrx_word' id='word_1_61' title='bbox 1303 800 1467 861; x_wconf 70' lang='grc' dir='ltr'>βρέφος,</span> <span class='ocrx_word' id='word_1_62' title='bbox 1510 809 1732 857; x_wconf 83' lang='lat' dir='ltr'>tamquam</span> 
     </span>
     <span class='ocr_line' id='line_1_9' title="bbox 365 873 1733 931; baseline -0.004 -13"><span class='ocrx_word' id='word_1_63' title='bbox 365 877 540 918; x_wconf 88' lang='lat' dir='ltr'>similem</span> <span class='ocrx_word' id='word_1_64' title='bbox 585 876 907 931; x_wconf 79' lang='lat' dir='ltr'>pleonasmum3</span> <span class='ocrx_word' id='word_1_65' title='bbox 955 873 1077 929; x_wconf 89' lang='lat' dir='ltr'>quod</span> <span class='ocrx_word' id='word_1_66' title='bbox 1121 873 1280 913; x_wconf 83' lang='lat' dir='ltr'>excidit</span> <span class='ocrx_word' id='word_1_67' title='bbox 1323 887 1480 929; x_wconf 88' lang='lat' dir='ltr'>magno</span> <span class='ocrx_word' id='word_1_68' title='bbox 1522 874 1639 921; x_wconf 90' lang='lat' dir='ltr'>viro,</span> <span class='ocrx_word' id='word_1_69' title='bbox 1692 880 1733 913; x_wconf 92' lang='lat' dir='ltr'>et</span> 
     </span>
     <span class='ocr_line' id='line_1_10' title="bbox 363 944 1732 1002; baseline -0.004 -13"><span class='ocrx_word' id='word_1_70' title='bbox 363 949 558 989; x_wconf 89' lang='lat' dir='ltr'>Klotzius</span> <span class='ocrx_word' id='word_1_71' title='bbox 594 947 820 1002; x_wconf 84' lang='lat' dir='ltr'>utriusque</span> <span class='ocrx_word' id='word_1_72' title='bbox 865 946 950 986; x_wconf 90' lang='lat' dir='ltr'>loci</span> <span class='ocrx_word' id='word_1_73' title='bbox 996 944 1223 985; x_wconf 82' lang='lat' dir='ltr'>discrimen</span> <span class='ocrx_word' id='word_1_74' title='bbox 1265 944 1490 985; x_wconf 85' lang='lat' dir='ltr'>observare</span> <span class='ocrx_word' id='word_1_75' title='bbox 1533 945 1732 1000; x_wconf 79' lang='lat' dir='ltr'>neglexit.</span> 
     </span>
     <span class='ocr_line' id='line_1_11' title="bbox 364 1015 1735 1070; baseline -0.004 -9"><span class='ocrx_word' id='word_1_76' title='bbox 364 1020 585 1061; x_wconf 79' lang='lat' dir='ltr'>Facilitate</span> <span class='ocrx_word' id='word_1_77' title='bbox 610 1033 652 1059; x_wconf 91' lang='lat' dir='ltr'>se</span> <span class='ocrx_word' id='word_1_78' title='bbox 680 1016 953 1058; x_wconf 83' lang='lat' dir='ltr'>commendat</span> <span class='ocrx_word' id='word_1_79' title='bbox 982 1016 1232 1056; x_wconf 88' lang='lat' dir='ltr'>coniectura</span> <span class='ocrx_word' id='word_1_80' title='bbox 1252 1015 1466 1070; x_wconf 84' lang='lat' dir='ltr'>Anonymi</span> <span class='ocrx_word' id='word_1_81' title='bbox 1488 1015 1607 1070; x_wconf 86' lang='lat' dir='ltr'>apud</span> <span class='ocrx_word' id='word_1_82' title='bbox 1627 1015 1735 1056; x_wconf 90' lang='lat' dir='ltr'>Bur-</span> 
     </span>
     <span class='ocr_line' id='line_1_12' title="bbox 364 1087 1732 1149; baseline -0.004 -17"><span class='ocrx_word' id='word_1_83' title='bbox 364 1092 546 1148; x_wconf 89' lang='lat' dir='ltr'>gesium:</span> <span class='ocrx_word' id='word_1_84' title='bbox 584 1115 640 1121; x_wconf 82' lang='lat'>—</span> <span class='ocrx_word' id='word_1_85' title='bbox 675 1090 832 1149; x_wconf 82' lang='grc' dir='ltr'><em>σπείρας</em></span> <span class='ocrx_word' id='word_1_86' title='bbox 870 1088 1014 1148; x_wconf 68' lang='grc' dir='ltr'>(φρενὸς</span> <span class='ocrx_word' id='word_1_87' title='bbox 1046 1110 1103 1119; x_wconf 80' lang='lat'>——·</span> <span class='ocrx_word' id='word_1_88' title='bbox 1127 1087 1256 1146; x_wconf 71' lang='grc' dir='ltr'>φάτιν)</span> <span class='ocrx_word' id='word_1_89' title='bbox 1293 1087 1364 1128; x_wconf 89' lang='lat' dir='ltr'>cui</span> <span class='ocrx_word' id='word_1_90' title='bbox 1394 1093 1536 1127; x_wconf 87' lang='lat' dir='ltr'>tamen</span> <span class='ocrx_word' id='word_1_91' title='bbox 1567 1087 1732 1136; x_wconf 81' lang='lat' dir='ltr'>obstat,</span> 
     </span>
     <span class='ocr_line' id='line_1_13' title="bbox 366 1160 1198 1219; baseline -0.004 -16"><span class='ocrx_word' id='word_1_92' title='bbox 366 1162 474 1203; x_wconf 87' lang='lat' dir='ltr'>illud</span> <span class='ocrx_word' id='word_1_93' title='bbox 505 1161 753 1219; x_wconf 73' lang='grc' dir='ltr'>ἀμπλάκημα</span> <span class='ocrx_word' id='word_1_94' title='bbox 782 1174 871 1201; x_wconf 89' lang='lat' dir='ltr'>non</span> <span class='ocrx_word' id='word_1_95' title='bbox 903 1160 1028 1200; x_wconf 86' lang='lat' dir='ltr'>fuisse</span> <span class='ocrx_word' id='word_1_96' title='bbox 1055 1161 1198 1219; x_wconf 70' lang='grc' dir='ltr'>φρενός.</span> 
     </span>
    </p>

    <p class='ocr_par' dir='ltr' id='par_1_3' title="bbox 367 1228 1740 1503">
     <span class='ocr_line' id='line_1_14' title="bbox 425 1228 1737 1290; baseline -0.005 -15"><span class='ocrx_word' id='word_1_97' title='bbox 425 1233 496 1275; x_wconf 83' lang='grc'>26.</span> <span class='ocrx_word' id='word_1_98' title='bbox 558 1234 697 1290; x_wconf 78' lang='grc' dir='ltr'>μέσων.</span> <span class='ocrx_word' id='word_1_99' title='bbox 741 1233 834 1273; x_wconf 84' lang='lat' dir='ltr'>Hoc</span> <span class='ocrx_word' id='word_1_100' title='bbox 870 1231 1049 1272; x_wconf 84' lang='lat' dir='ltr'>servavit</span> <span class='ocrx_word' id='word_1_101' title='bbox 1085 1245 1194 1271; x_wconf 87' lang='lat' dir='ltr'>unus</span> <span class='ocrx_word' id='word_1_102' title='bbox 1224 1229 1369 1271; x_wconf 84' lang='lat' dir='ltr'>Codex</span> <span class='ocrx_word' id='word_1_103' title='bbox 1403 1228 1525 1269; x_wconf 86' lang='lat' dir='ltr'>Cant.</span> <span class='ocrx_word' id='word_1_104' title='bbox 1560 1242 1639 1284; x_wconf 88' lang='lat' dir='ltr'>pro</span> <span class='ocrx_word' id='word_1_105' title='bbox 1670 1242 1737 1268; x_wconf 89' lang='lat' dir='ltr'>re-</span> 
     </span>
     <span class='ocr_line' id='line_1_15' title="bbox 367 1300 1740 1361; baseline -0.004 -15"><span class='ocrx_word' id='word_1_106' title='bbox 367 1306 586 1361; x_wconf 88' lang='lat' dir='ltr'>liquorum</span> <span class='ocrx_word' id='word_1_107' title='bbox 624 1305 807 1345; x_wconf 90' lang='lat' dir='ltr'>lectione</span> <span class='ocrx_word' id='word_1_108' title='bbox 836 1304 976 1358; x_wconf 67' lang='grc' dir='ltr'>μέσον,</span> <span class='ocrx_word' id='word_1_109' title='bbox 1009 1316 1142 1357; x_wconf 85' lang='lat' dir='ltr'>quam</span> <span class='ocrx_word' id='word_1_110' title='bbox 1176 1303 1332 1342; x_wconf 86' lang='lat' dir='ltr'>frustra</span> <span class='ocrx_word' id='word_1_111' title='bbox 1364 1301 1495 1341; x_wconf 84' lang='lat' dir='ltr'>tuitus</span> <span class='ocrx_word' id='word_1_112' title='bbox 1526 1306 1585 1340; x_wconf 90' lang='lat' dir='ltr'>est</span> <span class='ocrx_word' id='word_1_113' title='bbox 1614 1300 1740 1340; x_wconf 90' lang='lat' dir='ltr'>Klot-</span> 
     </span>
     <span class='ocr_line' id='line_1_16' title="bbox 369 1372 1737 1431; baseline -0.005 -13"><span class='ocrx_word' id='word_1_114' title='bbox 369 1378 477 1417; x_wconf 87' lang='lat' dir='ltr'>zius:</span> <span class='ocrx_word' id='word_1_115' title='bbox 534 1375 782 1431; x_wconf 78' lang='lat' dir='ltr'>praestabat</span> <span class='ocrx_word' id='word_1_116' title='bbox 841 1379 1107 1414; x_wconf 84' lang='lat' dir='ltr'>constantem</span> <span class='ocrx_word' id='word_1_117' title='bbox 1162 1386 1284 1413; x_wconf 77' lang='lat' dir='ltr'>usum</span> <span class='ocrx_word' id='word_1_118' title='bbox 1339 1372 1541 1412; x_wconf 83' lang='lat' dir='ltr'>sermonis</span> <span class='ocrx_word' id='word_1_119' title='bbox 1586 1372 1737 1427; x_wconf 80' lang='lat' dir='ltr'>tragici</span> 
     </span>
     <span class='ocr_line' id='line_1_17' title="bbox 373 1448 510 1503; baseline 0.015 -15"><span class='ocrx_word' id='word_1_120' title='bbox 373 1448 510 1503; x_wconf 86' lang='lat' dir='ltr'>sequi.</span> 
     </span>
    </p>

    <p class='ocr_par' dir='ltr' id='par_1_4' title="bbox 369 1512 1743 2779">
     <span class='ocr_line' id='line_1_18' title="bbox 431 1512 1739 1571; baseline -0.005 -11"><span class='ocrx_word' id='word_1_121' title='bbox 431 1520 501 1561; x_wconf 80' lang='lat'>27.</span> <span class='ocrx_word' id='word_1_122' title='bbox 563 1519 653 1560; x_wconf 63' lang='grc' dir='ltr'>ὅθεν</span> <span class='ocrx_word' id='word_1_123' title='bbox 694 1534 745 1559; x_wconf 79' lang='grc' dir='ltr'>νιν</span> <span class='ocrx_word' id='word_1_124' title='bbox 777 1515 921 1564; x_wconf 75' lang='grc' dir='ltr'>Ἑλλὰς</span> <span class='ocrx_word' id='word_1_125' title='bbox 964 1516 1157 1571; x_wconf 74' lang='grc' dir='ltr'>ὠνόμαζεν</span> <span class='ocrx_word' id='word_1_126' title='bbox 1189 1512 1389 1557; x_wconf 69' lang='grc' dir='ltr'>Οἰδίπουν.</span> <span class='ocrx_word' id='word_1_127' title='bbox 1442 1514 1626 1554; x_wconf 86' lang='lat' dir='ltr'>Tantum</span> <span class='ocrx_word' id='word_1_128' title='bbox 1662 1512 1739 1553; x_wconf 83' lang='lat' dir='ltr'>ad-</span> 
     </span>
     <span class='ocr_line' id='line_1_19' title="bbox 370 1585 1737 1646; baseline -0.004 -15"><span class='ocrx_word' id='word_1_129' title='bbox 370 1590 536 1646; x_wconf 84' lang='lat' dir='ltr'>scripsit</span> <span class='ocrx_word' id='word_1_130' title='bbox 566 1590 833 1629; x_wconf 85' lang='lat' dir='ltr'>Hermannus</span> <span class='ocrx_word' id='word_1_131' title='bbox 872 1587 988 1627; x_wconf 91' lang='lat' dir='ltr'>hunc</span> <span class='ocrx_word' id='word_1_132' title='bbox 1020 1587 1206 1641; x_wconf 85' lang='lat' dir='ltr'>primum</span> <span class='ocrx_word' id='word_1_133' title='bbox 1235 1600 1402 1627; x_wconf 85' lang='lat' dir='ltr'>versum</span> <span class='ocrx_word' id='word_1_134' title='bbox 1435 1585 1478 1625; x_wconf 88' lang='lat' dir='ltr'>in</span> <span class='ocrx_word' id='word_1_135' title='bbox 1513 1585 1737 1625; x_wconf 70' lang='lat' dir='ltr'>Phoenis-</span> 
     </span>
     <span class='ocr_line' id='line_1_20' title="bbox 369 1656 1738 1716; baseline -0.004 -14"><span class='ocrx_word' id='word_1_136' title='bbox 369 1664 436 1702; x_wconf 65' lang='grc' dir='ltr'>εἰς</span> <span class='ocrx_word' id='word_1_137' title='bbox 466 1675 574 1710; x_wconf 86' lang='lat' dir='ltr'>esse,</span> <span class='ocrx_word' id='word_1_138' title='bbox 610 1674 740 1716; x_wconf 86' lang='lat' dir='ltr'>quem</span> <span class='ocrx_word' id='word_1_139' title='bbox 767 1659 1104 1702; x_wconf 85' lang='lat' dir='ltr'>Valckenaerius</span> <span class='ocrx_word' id='word_1_140' title='bbox 1138 1670 1217 1713; x_wconf 87' lang='lat' dir='ltr'>pro</span> <span class='ocrx_word' id='word_1_141' title='bbox 1247 1657 1392 1712; x_wconf 87' lang='lat' dir='ltr'>spurio</span> <span class='ocrx_word' id='word_1_142' title='bbox 1422 1656 1642 1706; x_wconf 81' lang='lat' dir='ltr'>habuerit3</span> <span class='ocrx_word' id='word_1_143' title='bbox 1672 1671 1738 1696; x_wconf 88' lang='lat' dir='ltr'>sa-</span> 
     </span>
     <span class='ocr_line' id='line_1_21' title="bbox 371 1728 1739 1773; baseline -0.004 0"><span class='ocrx_word' id='word_1_144' title='bbox 371 1733 422 1773; x_wconf 88' lang='lat' dir='ltr'>tis</span> <span class='ocrx_word' id='word_1_145' title='bbox 452 1732 672 1772; x_wconf 83' lang='lat' dir='ltr'>defensum</span> <span class='ocrx_word' id='word_1_146' title='bbox 698 1744 784 1771; x_wconf 87' lang='lat' dir='ltr'>esse</span> <span class='ocrx_word' id='word_1_147' title='bbox 813 1744 836 1770; x_wconf 92' lang='lat' dir='ltr'>a</span> <span class='ocrx_word' id='word_1_148' title='bbox 853 1730 1057 1769; x_wconf 88' lang='lat' dir='ltr'>Porsono.</span> <span class='ocrx_word' id='word_1_149' title='bbox 1093 1729 1253 1771; x_wconf 87' lang='lat' dir='ltr'>Vellem</span> <span class='ocrx_word' id='word_1_150' title='bbox 1278 1728 1633 1770; x_wconf 85' lang='lat' dir='ltr'>etValckenaerii</span> <span class='ocrx_word' id='word_1_151' title='bbox 1657 1729 1739 1768; x_wconf 88' lang='lat' dir='ltr'>du-</span> 
     </span>
     <span class='ocr_line' id='line_1_22' title="bbox 371 1800 1742 1855; baseline -0.004 -11"><span class='ocrx_word' id='word_1_152' title='bbox 371 1804 619 1845; x_wconf 88' lang='lat' dir='ltr'>bitationem</span> <span class='ocrx_word' id='word_1_153' title='bbox 648 1809 686 1842; x_wconf 85' lang='lat' dir='ltr'>et</span> <span class='ocrx_word' id='word_1_154' title='bbox 714 1802 889 1842; x_wconf 88' lang='lat' dir='ltr'>Porsoni</span> <span class='ocrx_word' id='word_1_155' title='bbox 920 1800 1208 1841; x_wconf 85' lang='lat' dir='ltr'>defensionem</span> <span class='ocrx_word' id='word_1_156' title='bbox 1234 1800 1323 1855; x_wconf 90' lang='lat' dir='ltr'>ipse</span> <span class='ocrx_word' id='word_1_157' title='bbox 1351 1800 1623 1854; x_wconf 82' lang='lat' dir='ltr'>explorasset.</span> <span class='ocrx_word' id='word_1_158' title='bbox 1658 1800 1742 1840; x_wconf 91' lang='lat' dir='ltr'>Sed</span> 
     </span>
     <span class='ocr_line' id='line_1_23' title="bbox 370 1870 1739 1928; baseline -0.003 -13"><span class='ocrx_word' id='word_1_159' title='bbox 370 1876 580 1915; x_wconf 89' lang='lat' dir='ltr'>Porsonus</span> <span class='ocrx_word' id='word_1_160' title='bbox 620 1874 816 1928; x_wconf 84' lang='lat' dir='ltr'>profecto</span> <span class='ocrx_word' id='word_1_161' title='bbox 847 1886 935 1913; x_wconf 90' lang='lat' dir='ltr'>non</span> <span class='ocrx_word' id='word_1_162' title='bbox 977 1873 1103 1928; x_wconf 88' lang='lat' dir='ltr'>longe</span> <span class='ocrx_word' id='word_1_163' title='bbox 1145 1872 1225 1911; x_wconf 87' lang='lat' dir='ltr'>fuit</span> <span class='ocrx_word' id='word_1_164' title='bbox 1258 1871 1312 1912; x_wconf 90' lang='lat' dir='ltr'>ab</span> <span class='ocrx_word' id='word_1_165' title='bbox 1350 1870 1618 1920; x_wconf 83' lang='lat' dir='ltr'>dubitando,</span> <span class='ocrx_word' id='word_1_166' title='bbox 1662 1872 1739 1927; x_wconf 85' lang='lat' dir='ltr'>qui</span> 
     </span>
     <span class='ocr_line' id='line_1_24' title="bbox 373 1943 1741 1998; baseline -0.003 -12"><span class='ocrx_word' id='word_1_167' title='bbox 373 1946 547 1986; x_wconf 84' lang='lat' dir='ltr'>dixerit:</span> <span class='ocrx_word' id='word_1_168' title='bbox 582 1962 599 1982; x_wconf 69' lang='lat'>³»</span> <span class='ocrx_word' id='word_1_169' title='bbox 617 1959 716 1985; x_wconf 88' lang='lat' dir='ltr'>sane</span> <span class='ocrx_word' id='word_1_170' title='bbox 745 1958 833 1985; x_wconf 88' lang='lat' dir='ltr'>non</span> <span class='ocrx_word' id='word_1_171' title='bbox 859 1943 982 1984; x_wconf 89' lang='lat' dir='ltr'>nimis</span> <span class='ocrx_word' id='word_1_172' title='bbox 1013 1944 1182 1998; x_wconf 84' lang='lat' dir='ltr'>elegans</span> <span class='ocrx_word' id='word_1_173' title='bbox 1212 1949 1271 1982; x_wconf 88' lang='lat' dir='ltr'>est</span> <span class='ocrx_word' id='word_1_174' title='bbox 1298 1955 1461 1990; x_wconf 82' lang='lat' dir='ltr'>versus,</span> <span class='ocrx_word' id='word_1_175' title='bbox 1494 1955 1637 1997; x_wconf 86' lang='lat' dir='ltr'>neque</span> <span class='ocrx_word' id='word_1_176' title='bbox 1668 1956 1741 1982; x_wconf 89' lang='lat' dir='ltr'>ac-</span> 
     </span>
     <span class='ocr_line' id='line_1_25' title="bbox 372 2012 1741 2070; baseline -0.002 -13"><span class='ocrx_word' id='word_1_177' title='bbox 372 2016 590 2058; x_wconf 85' lang='lat' dir='ltr'>curatus.&#39;’</span> <span class='ocrx_word' id='word_1_178' title='bbox 617 2015 771 2070; x_wconf 84' lang='lat' dir='ltr'>Itaque</span> <span class='ocrx_word' id='word_1_179' title='bbox 798 2014 1100 2063; x_wconf 74' lang='lat' dir='ltr'>Firnlmberus,</span> <span class='ocrx_word' id='word_1_180' title='bbox 1127 2014 1171 2054; x_wconf 91' lang='lat' dir='ltr'>in</span> <span class='ocrx_word' id='word_1_181' title='bbox 1193 2013 1411 2054; x_wconf 88' lang='lat' dir='ltr'>utilissimo</span> <span class='ocrx_word' id='word_1_182' title='bbox 1434 2012 1543 2053; x_wconf 88' lang='lat' dir='ltr'>libro</span> <span class='ocrx_word' id='word_1_183' title='bbox 1569 2013 1622 2053; x_wconf 91' lang='lat' dir='ltr'>de</span> <span class='ocrx_word' id='word_1_184' title='bbox 1646 2027 1741 2054; x_wconf 88' lang='lat' dir='ltr'>ver-</span> 
     </span>
     <span class='ocr_line' id='line_1_26' title="bbox 372 2082 1741 2142; baseline -0.001 -14"><span class='ocrx_word' id='word_1_185' title='bbox 372 2084 485 2128; x_wconf 83' lang='lat' dir='ltr'>sibus</span> <span class='ocrx_word' id='word_1_186' title='bbox 515 2087 730 2142; x_wconf 86' lang='lat' dir='ltr'>Euripidis</span> <span class='ocrx_word' id='word_1_187' title='bbox 760 2085 899 2126; x_wconf 86' lang='lat' dir='ltr'>dubiis</span> <span class='ocrx_word' id='word_1_188' title='bbox 926 2084 1287 2126; x_wconf 66' lang='lat' dir='ltr'>Phoenissarmn</span> <span class='ocrx_word' id='word_1_189' title='bbox 1313 2091 1352 2125; x_wconf 90' lang='lat' dir='ltr'>et</span> <span class='ocrx_word' id='word_1_190' title='bbox 1379 2082 1579 2132; x_wconf 75' lang='lat' dir='ltr'>Medeae,</span> <span class='ocrx_word' id='word_1_191' title='bbox 1611 2085 1741 2127; x_wconf 81' lang='lat' dir='ltr'>Valc-</span> 
     </span>
     <span class='ocr_line' id='line_1_27' title="bbox 373 2154 1742 2214; baseline -0.002 -15"><span class='ocrx_word' id='word_1_192' title='bbox 373 2159 563 2199; x_wconf 86' lang='lat' dir='ltr'>kenaerii</span> <span class='ocrx_word' id='word_1_193' title='bbox 604 2163 854 2214; x_wconf 86' lang='lat' dir='ltr'>argumenta</span> <span class='ocrx_word' id='word_1_194' title='bbox 887 2156 1130 2212; x_wconf 87' lang='lat' dir='ltr'>singulatim</span> <span class='ocrx_word' id='word_1_195' title='bbox 1163 2156 1377 2210; x_wconf 87' lang='lat' dir='ltr'>expendit.</span> <span class='ocrx_word' id='word_1_196' title='bbox 1429 2156 1554 2195; x_wconf 87' lang='lat' dir='ltr'>Hunc</span> <span class='ocrx_word' id='word_1_197' title='bbox 1587 2154 1742 2196; x_wconf 87' lang='lat' dir='ltr'>librum</span> 
     </span>
     <span class='ocr_line' id='line_1_28' title="bbox 374 2226 1742 2284; baseline -0.004 -14"><span class='ocrx_word' id='word_1_198' title='bbox 374 2245 510 2284; x_wconf 83' lang='lat' dir='ltr'>quum</span> <span class='ocrx_word' id='word_1_199' title='bbox 549 2242 666 2269; x_wconf 85' lang='lat' dir='ltr'>nune</span> <span class='ocrx_word' id='word_1_200' title='bbox 706 2229 894 2284; x_wconf 86' lang='lat' dir='ltr'>primum</span> <span class='ocrx_word' id='word_1_201' title='bbox 927 2240 1237 2275; x_wconf 79' lang='lat' dir='ltr'>commemoro,</span> <span class='ocrx_word' id='word_1_202' title='bbox 1276 2226 1473 2266; x_wconf 87' lang='lat' dir='ltr'>lubenter</span> <span class='ocrx_word' id='word_1_203' title='bbox 1508 2226 1608 2266; x_wconf 88' lang='lat' dir='ltr'>dico</span> <span class='ocrx_word' id='word_1_204' title='bbox 1644 2240 1742 2266; x_wconf 87' lang='lat' dir='ltr'>eum</span> 
     </span>
     <span class='ocr_line' id='line_1_29' title="bbox 371 2297 1742 2356; baseline -0.003 -16"><span class='ocrx_word' id='word_1_205' title='bbox 371 2301 474 2340; x_wconf 86' lang='lat' dir='ltr'>mihi</span> <span class='ocrx_word' id='word_1_206' title='bbox 514 2299 750 2356; x_wconf 84' lang='lat' dir='ltr'>prudenter</span> <span class='ocrx_word' id='word_1_207' title='bbox 790 2298 925 2339; x_wconf 88' lang='lat' dir='ltr'>videri</span> <span class='ocrx_word' id='word_1_208' title='bbox 965 2304 1005 2338; x_wconf 91' lang='lat' dir='ltr'>et</span> <span class='ocrx_word' id='word_1_209' title='bbox 1045 2297 1265 2338; x_wconf 85' lang='lat' dir='ltr'>moderate</span> <span class='ocrx_word' id='word_1_210' title='bbox 1304 2297 1513 2353; x_wconf 85' lang='lat' dir='ltr'>scriptum</span> <span class='ocrx_word' id='word_1_211' title='bbox 1548 2310 1649 2337; x_wconf 87' lang='lat' dir='ltr'>esse.</span> <span class='ocrx_word' id='word_1_212' title='bbox 1701 2297 1742 2337; x_wconf 91' lang='lat' dir='ltr'>Is</span> 
     </span>
     <span class='ocr_line' id='line_1_30' title="bbox 371 2367 1738 2417; baseline -0.004 -6"><span class='ocrx_word' id='word_1_213' title='bbox 371 2378 514 2411; x_wconf 87' lang='lat' dir='ltr'>autem</span> <span class='ocrx_word' id='word_1_214' title='bbox 540 2371 622 2411; x_wconf 90' lang='lat' dir='ltr'>hoc</span> <span class='ocrx_word' id='word_1_215' title='bbox 653 2371 750 2410; x_wconf 89' lang='lat' dir='ltr'>loco</span> <span class='ocrx_word' id='word_1_216' title='bbox 772 2369 1144 2412; x_wconf 83' lang='lat' dir='ltr'>Valckenaeriana</span> <span class='ocrx_word' id='word_1_217' title='bbox 1172 2367 1292 2408; x_wconf 85' lang='lat' dir='ltr'>haud</span> <span class='ocrx_word' id='word_1_218' title='bbox 1320 2367 1450 2407; x_wconf 88' lang='lat' dir='ltr'>dubie</span> <span class='ocrx_word' id='word_1_219' title='bbox 1481 2367 1738 2417; x_wconf 80' lang='lat' dir='ltr'>debilitavit3</span> 
     </span>
     <span class='ocr_line' id='line_1_31' title="bbox 371 2439 1737 2495; baseline -0.003 -14"><span class='ocrx_word' id='word_1_220' title='bbox 371 2442 544 2481; x_wconf 87' lang='lat' dir='ltr'>omnino</span> <span class='ocrx_word' id='word_1_221' title='bbox 574 2441 819 2481; x_wconf 86' lang='lat' dir='ltr'>refutavisse</span> <span class='ocrx_word' id='word_1_222' title='bbox 849 2453 974 2495; x_wconf 89' lang='lat' dir='ltr'>nego.</span> <span class='ocrx_word' id='word_1_223' title='bbox 1026 2439 1111 2480; x_wconf 86' lang='lat' dir='ltr'>Sed</span> <span class='ocrx_word' id='word_1_224' title='bbox 1142 2439 1195 2479; x_wconf 91' lang='lat' dir='ltr'>de</span> <span class='ocrx_word' id='word_1_225' title='bbox 1227 2439 1401 2494; x_wconf 85' lang='lat' dir='ltr'>singulis</span> <span class='ocrx_word' id='word_1_226' title='bbox 1428 2439 1598 2492; x_wconf 80' lang='lat' dir='ltr'>Iugum</span> <span class='ocrx_word' id='word_1_227' title='bbox 1632 2444 1737 2478; x_wconf 87' lang='lat' dir='ltr'>esset</span> 
     </span>
     <span class='ocr_line' id='line_1_32' title="bbox 374 2508 1743 2565; baseline -0.002 -14"><span class='ocrx_word' id='word_1_228' title='bbox 374 2513 608 2553; x_wconf 90' lang='lat' dir='ltr'>iudicium:</span> <span class='ocrx_word' id='word_1_229' title='bbox 659 2526 793 2552; x_wconf 91' lang='lat' dir='ltr'>unum</span> <span class='ocrx_word' id='word_1_230' title='bbox 833 2517 920 2559; x_wconf 85' lang='lat' dir='ltr'>est,</span> <span class='ocrx_word' id='word_1_231' title='bbox 971 2510 1093 2565; x_wconf 86' lang='lat' dir='ltr'>quod</span> <span class='ocrx_word' id='word_1_232' title='bbox 1133 2510 1289 2549; x_wconf 88' lang='lat' dir='ltr'>mirum</span> <span class='ocrx_word' id='word_1_233' title='bbox 1336 2508 1450 2548; x_wconf 90' lang='lat' dir='ltr'>duco</span> <span class='ocrx_word' id='word_1_234' title='bbox 1491 2509 1743 2563; x_wconf 86' lang='lat' dir='ltr'>interpretes</span> 
     </span>
     <span class='ocr_line' id='line_1_33' title="bbox 372 2578 1740 2638; baseline -0.004 -16"><span class='ocrx_word' id='word_1_235' title='bbox 372 2583 715 2638; x_wconf 82' lang='lat' dir='ltr'>praetervidisse:</span> <span class='ocrx_word' id='word_1_236' title='bbox 754 2596 921 2623; x_wconf 85' lang='lat' dir='ltr'>versum</span> <span class='ocrx_word' id='word_1_237' title='bbox 951 2581 1072 2629; x_wconf 92' lang='lat' dir='ltr'>loco,</span> <span class='ocrx_word' id='word_1_238' title='bbox 1111 2580 1181 2620; x_wconf 91' lang='lat' dir='ltr'>cui</span> <span class='ocrx_word' id='word_1_239' title='bbox 1211 2579 1426 2628; x_wconf 84' lang='lat' dir='ltr'>inhaeret,</span> <span class='ocrx_word' id='word_1_240' title='bbox 1460 2578 1631 2618; x_wconf 88' lang='lat' dir='ltr'>minime</span> <span class='ocrx_word' id='word_1_241' title='bbox 1663 2592 1740 2633; x_wconf 86' lang='lat' dir='ltr'>ap-</span> 
     </span>
     <span class='ocr_line' id='line_1_34' title="bbox 375 2648 1739 2706; baseline -0.004 -13"><span class='ocrx_word' id='word_1_242' title='bbox 375 2660 466 2693; x_wconf 85' lang='lat' dir='ltr'>tum</span> <span class='ocrx_word' id='word_1_243' title='bbox 498 2666 598 2693; x_wconf 85' lang='lat' dir='ltr'>esse.</span> <span class='ocrx_word' id='word_1_244' title='bbox 650 2653 765 2705; x_wconf 84' lang='lat' dir='ltr'>Quid</span> <span class='ocrx_word' id='word_1_245' title='bbox 799 2652 943 2694; x_wconf 77' lang='lat' dir='ltr'>enim?</span> <span class='ocrx_word' id='word_1_246' title='bbox 989 2652 1049 2691; x_wconf 89' lang='lat' dir='ltr'>Eo</span> <span class='ocrx_word' id='word_1_247' title='bbox 1080 2650 1286 2706; x_wconf 85' lang='lat' dir='ltr'>processit</span> <span class='ocrx_word' id='word_1_248' title='bbox 1316 2649 1360 2689; x_wconf 88' lang='lat' dir='ltr'>in</span> <span class='ocrx_word' id='word_1_249' title='bbox 1388 2649 1633 2689; x_wconf 82' lang='lat' dir='ltr'>narratione</span> <span class='ocrx_word' id='word_1_250' title='bbox 1668 2648 1739 2688; x_wconf 92' lang='lat' dir='ltr'>Io-</span> 
     </span>
     <span class='ocr_line' id='line_1_35' title="bbox 374 2720 1738 2779; baseline -0.004 -14"><span class='ocrx_word' id='word_1_251' title='bbox 374 2729 490 2765; x_wconf 84' lang='lat' dir='ltr'>casta</span> <span class='ocrx_word' id='word_1_252' title='bbox 524 2730 570 2764; x_wconf 88' lang='lat' dir='ltr'>ut</span> <span class='ocrx_word' id='word_1_253' title='bbox 596 2723 711 2764; x_wconf 88' lang='lat' dir='ltr'>dicat</span> <span class='ocrx_word' id='word_1_254' title='bbox 739 2724 969 2779; x_wconf 86' lang='lat' dir='ltr'>puerulum</span> <span class='ocrx_word' id='word_1_255' title='bbox 1001 2736 1124 2763; x_wconf 87' lang='lat' dir='ltr'>suum</span> <span class='ocrx_word' id='word_1_256' title='bbox 1152 2736 1175 2762; x_wconf 90' lang='lat' dir='ltr'>a</span> <span class='ocrx_word' id='word_1_257' title='bbox 1207 2727 1330 2777; x_wconf 85' lang='lat' dir='ltr'>patre</span> <span class='ocrx_word' id='word_1_258' title='bbox 1358 2720 1597 2775; x_wconf 81' lang='lat' dir='ltr'>expositum</span> <span class='ocrx_word' id='word_1_259' title='bbox 1628 2733 1738 2770; x_wconf 79' lang='lat' dir='ltr'>esse,</span> 
     </span>
    </p>
   </div>
  </div>
 </body>
</html>
