2020 3326
582 280 1146 323 COMMENTARIUS.
1475 288 1554 326 103

177 419 376 475 suspicax
413 418 776 468 Valckenaerius,
817 433 961 475 neque
998 421 1120 476 quod
1155 422 1287 463 seiam
1318 424 1549 480 quisquan]

175 492 281 531 alius
313 490 429 531 hunc
461 497 501 530 et
529 497 779 545 sequentem
809 505 976 532 versum
1008 493 1175 548 spurios
1206 507 1293 534 esse
1320 496 1555 538 iudicavit?

176 563 385 602 Nimirum
421 562 560 602 nullas
594 561 865 617 reperiebant
897 564 940 603 in
972 565 1131 619 quibus
1164 566 1386 608 haererent
1418 569 1554 624 phra—

175 634 410 689 seologieas
438 633 681 673 minutiaS.''
719 634 835 686 Quid
864 635 1077 685 dicamus,
1110 638 1187 677 nisi
1221 652 1292 679 eos
1322 640 1420 680 satis
1446 656 1551 696 pru-

173 705 323 745 denter
353 705 406 745 de
436 705 521 745 1100
550 706 647 745 1000
678 706 956 758 iudicavisse,
990 715 1030 748 et
1062 708 1179 750 hunc
1212 711 1442 752 Ilermanni
1473 713 1551 753 im-

172 783 323 832 petum
373 764 539 817 tantum
591 790 677 816 esse
730 784 776 817 ut
822 786 1040 833 exspectes
1091 789 1342 837 argumenta
1389 784 1549 825 invicta

171 855 212 888 et
249 862 457 888 summam
493 848 803 889 confidentiam
834 851 1107 892 affirmantis:
1142 859 1283 893 tamen
1316 857 1549 897 contractis

172 920 369 976 paullum
395 920 498 961 velis
528 921 588 960 sic
615 922 778 976 pergit:
815 939 830 958 ›>
850 922 939 978 Ego
971 923 1149 978 quidem
1177 914 1448 967 vehementer
1477 942 1549 969 ve-

169 1005 266 1032 reor
295 1005 348 1031 nc
380 991 460 1031 sint
487 991 541 1031 ab
571 991 848 1033 histrionibus
877 993 1040 1044 inserti,
1076 1010 1166 1050 quo
1193 1004 1398 1052 paternus
1428 1013 1547 1040 amor

173 1062 365 1104 Creontis
397 1063 530 1118 magis
567 1064 770 1104 eluceret.
815 1062 962 1116 Certe,
1002 1067 1032 1106 si
1061 1067 1287 1122 Euripides
1329 1084 1400 1110 eos
1440 1071 1544 1111 scri-

167 1135 274 1190 psit,
322 1135 390 1175 vix
424 1135 545 1174 aliter
586 1134 759 1175 defendi
804 1143 1010 1190 possunt,
1058 1153 1191 1193 quam
1232 1146 1277 1179 ut
1319 1140 1545 1182 Creontem

168 1206 312 1246 dicere
342 1213 564 1261 putemus,
608 1207 641 1246 si
681 1221 803 1247 suam
846 1208 1031 1248 animam
1062 1210 1127 1249 Dii
1160 1212 1359 1266 accipere
1390 1214 1542 1263 velint,

167 1291 254 1318 sese
279 1278 577 1318 moriturum.''
596 1301 654 1306 ——-
670 1278 830 1325 Recte,
857 1285 897 1318 et
919 1280 977 1319 sie
1007 1294 1077 1319 cos
1095 1280 1390 1323 defendendos
1407 1291 1514 1339 puto
1530 1318 1538 1331 ‚

166 1349 406 1404 eodemque
432 1349 561 1389 modo
588 1349 793 1390 intellexit
822 1364 1001 1406 magnus
1022 1352 1380 1409 Phraseologista.
1414 1356 1543 1408 Quod

162 1421 378 1476 subiungit
410 1421 699 1470 Hermannus,
735 1423 890 1462 rectius
921 1422 1148 1464 Creontem
1178 1432 1453 1480 optaturum,
1496 1436 1542 1469 ut

163 1493 240 1532 sibi
281 1506 361 1548 pro
399 1491 489 1532 filio
531 1493 639 1532 mori
680 1494 835 1543 liceat,
882 1509 970 1535 11011
1006 1510 1117 1551 opus
1158 1504 1248 1538 erat
1285 1505 1330 1539 ut
1368 1500 1545 1541 adderet

165 1563 327 1605 Creon:
362 1566 405 1604 ,ςί
423 1564 543 1618 fala
574 1579 640 1605 me
667 1572 936 1620 reposo-met:
970 1567 1054 1608 hoc
1084 1569 1195 1609 enim
1222 1570 1430 1612 sentiebat
1458 1573 1544 1613 Me-

163 1649 373 1685 noeceus,
409 1636 486 1691 qui
516 1636 857 1678 modulationem
886 1646 1093 1694 paternae
1129 1642 1246 1681 vocis
1277 1643 1470 1693 audiret,
1503 1652 1544 1685 et

161 1708 433 1764 gesticulanti
473 1708 682 1757 adstaret,
728 1724 779 1750 ac
820 1718 1043 1766 praeterea
1086 1712 1222 1767 probe
1263 1714 1388 1754 sciret
1422 1715 1541 1757 iuve-

161 1793 258 1819 nem
290 1779 345 1819 ad
372 1786 550 1819 mortem
580 1781 723 1835 posci,
756 1796 844 1822 non
874 1783 1024 1823 virum.
1060 1784 1165 1835 Quis
1195 1784 1383 1840 denique
1409 1801 1542 1843 nega-

161 1851 252 1900 bit,
295 1865 418 1906 posse
460 1850 686 1892 Creontem
724 1852 833 1894 haec
867 1868 1060 1894 aversum
1092 1870 1115 1895 a
1147 1856 1238 1896 filio
1274 1871 1325 1897 ac
1356 1858 1537 1899 submis-

158 1923 266 1962 siore
292 1936 398 1964 voce
424 1923 737 1978 pronuntiare?
770 1924 1062 1966 Confirmatur
1085 1927 1197 1967 enim
1224 1927 1308 1969 1100
1336 1943 1386 1969 eo
1415 1931 1537 1985 quod

159 1999 303 2048 pater,
346 2000 570 2048 tamquam
611 1995 758 2035 videns
794 1996 907 2037 hanc
940 1998 1261 2039 meditationem
1293 2000 1536 2042 infructuo-

159 2078 247 2104 sam
284 2077 392 2111 esse,
437 2065 579 2104 subito
623 2066 678 2106 ad
718 2067 856 2107 filium
894 2082 1123 2109 conversus
1164 2071 1399 2112 exclamat:
1446 2074 1535 2115 ἀλλ’

158 2137 245 2192 εἶα,
286 2136 409 2178 τέκνον
445 2135 525 2177 κτὲ.
583 2137 676 2177 Hoc
716 2138 1026 2193 interpretandi
1073 2141 1337 2182 adminiculo
1380 2146 1532 2195 tutius,

159 2209 369 2254 arbitror,
415 2206 489 2248 hic
529 2208 589 2247 uti
626 2209 767 2262 potuit
808 2209 1075 2251 Hermannus
1118 2226 1251 2266 quam
1292 2214 1335 2253 in
1376 2216 1530 2274 Iplu'g.

158 2280 262 2320 Λιιῖ.
281 2279 338 2321 97
365 2293 430 2334 sq.
464 2303 521 2308 —
557 2278 652 2318 Non
680 2293 846 2335 semper
875 2281 957 2336 ipsi
982 2282 1155 2322 Klotzio
1182 2284 1398 2338 placitura
1426 2301 1531 2330 eon-

159 2351 250 2391 fido
294 2363 408 2406 quae
448 2349 683 2403 disputavit
724 2357 875 2391 contra
925 2351 1241 2404 Hermannum,
1288 2357 1319 2395 si
1360 2372 1530 2401 mecum

157 2423 388 2464 crediderit
420 2422 548 2480 ὡραίῳ
579 2420 692 2461 idem
722 2421 966 2477 significare
998 2424 1121 2479 quod
1155 2425 1197 2465 in
1233 2425 1401 2469 Alcest.
1427 2431 1528 2472 516.

155 2500 283 2554 πατήρ
315 2511 358 2550 γε
390 2495 462 2550 μὴν
495 2483 665 2553 ὡραῖὀς,
699 2493 802 2553 εἴπερ
834 2494 998 2550 οἴχεται.
1046 2494 1183 2536 Creon
1214 2497 1290 2537 filii
1320 2499 1528 2543 iuventuti

154 2567 338 2623 opponit
371 2580 489 2606 suam
527 2571 710 2605 aetatem
742 2565 797 2605 ad
828 2573 1090 2606 senectutem
1125 2575 1392 2623 vergentem:
1438 2574 1527 2628 ipse

154 2639 268 2678 filius
305 2652 402 2678 eum
442 2651 592 2677 senem
630 2642 757 2677 vocat
799 2651 857 2677 vs.
890 2636 992 2679 997.
1045 2636 1271 2679 Caeterum
1308 2641 1416 2697 sugit
1455 2644 1525 2685 11ἱο

153 2710 275 2750 locus
306 2709 591 2765 pulcerrimus
622 2714 980 2748 commentatores
1011 2709 1067 2749 ad
1099 2708 1187 2750 Cic.
1215 2710 1268 2751 de
1294 2712 1454 2755 Da've'n.
1480 2716 1521 2765 I,

157 2780 228 2831 18,
254 2781 324 2822 36.
358 2780 453 2830 ubi,
483 2780 666 2820 admotis
692 2779 830 2821 verbis
860 2778 1052 2821 Creontis
1079 2780 1115 2823 ἐν
1147 2781 1275 2841 ὡραίῳ
1306 2785 1383 2844 γὰρ
1414 2791 1524 2830 ἵστα,-
