2020 3326
558 264 1127 310 COMMENTARIUS.
1455 262 1528 304 171

162 413 227 453 vel
261 426 315 452 ne
346 413 477 450 lime:
517 406 650 463 idque
681 406 780 446 (leco
811 409 861 444 ut
893 408 935 444 te
967 403 1048 442 hoc
1080 406 1198 442 mela
1229 401 1438 441 liberem:
1472 400 1536 441 vel

166 484 376 538 denique:
424 495 478 521 ne
510 482 639 526 time,
679 475 1040 534 quandoquidem
1074 479 1116 514 le
1148 475 1307 514 timore
1348 472 1448 528 (hoc
1479 472 1537 511 ι’ί-

167 554 306 609 more)
343 552 553 593 liberabo.
600 550 755 590 Parum
792 548 878 588 huc
910 547 1012 588 facit
1045 545 1168 602 quod
1200 546 1443 593 confertur,
1478 557 1537 584 vs.

172 626 299 668 lOOI.
340 625 390 674 ὡς
424 619 484 666 οὖν
515 624 562 665 ἂν
596 621 735 677 εἰδῆτ’,
778 621 866 677 εἶμι.
914 620 1086 674 aliaque
1125 618 1259 658 multa
1296 623 1393 658 sunt
1428 630 1543 671 quae

171 699 354 739 conferri
384 702 573 752 possunt.
608 696 658 735 In
679 695 750 734 illa
775 693 886 733 enim
911 690 1250 745 breviloquentia
1274 703 1394 738 usus,
1423 687 1542 728 haud

170 773 257 812 sine
289 771 476 818 ratione,
516 768 650 808 voluit
686 772 732 806 ut
763 764 945 806 causalis
974 777 1073 819 pars
1102 761 1334 802 sententiae
1364 772 1543 816 praece-

172 844 308 884 deret.
353 842 510 881 Poetae
543 840 801 893 scripturam
832 836 959 876 fuisse
990 835 1207 889 suspicor:
1258 833 1345 887 Ζῇ,
1378 833 1429 889 μὴ
1462 833 1546 891 τρέ-

174 928 266 973 σῃς·
303 918 424 973 τορῶς
458 912 493 953 σ’
516 908 739 959 ἀπαλλάξω
771 907 905 968 φόβου.
940 907 967 947 i.
997 920 1033 946 e.
1071 910 1192 966 τορῶς
1224 905 1359 961 λέγων.
1405 918 1426 942 a
1459 916 1549 957 quo

176 987 295 1027 haud
327 987 452 1041 longe
486 983 573 1024 abit
605 981 723 1037 apud
757 980 846 1021 Cic.
879 980 933 1019 (le
966 978 1123 1018 Diven.
1152 977 1217 1026 II,
1255 977 1328 1025 17,
1358 974 1428 1015 41.
1462 974 1550 1014 Di-

175 1060 353 1100 vinatio
386 1058 504 1097 enim
533 1056 779 1110 perspicue
813 1052 1019 1099 tollitur,
1058 1050 1086 1089 i.
1112 1063 1147 1089 e.
1182 1048 1411 1104 perspicua
1446 1059 1551 1086 con-

179 1131 385 1171 clusione.
435 1129 575 1182 Saepe
612 1126 656 1165 in
685 1122 989 1177 stichomythia
1023 1122 1110 1176 ipse
1141 1121 1324 1175 loquens
1354 1118 1458 1158 dicti
1490 1117 1552 1157 sui

180 1201 532 1259 perspicuitatem
558 1198 623 1239 vel
648 1196 900 1237 brevitatem
926 1192 1093 1233 laudat:
1120 1205 1142 1231 e
1165 1204 1255 1246 quo
1279 1203 1432 1246 genere
1458 1194 1555 1229 sunt

181 1276 225 1315 in
262 1274 338 1314 Or.
373 1271 471 1311 446.
514 1272 668 1312 πάντων
709 1267 800 1326 πρὸς
834 1267 994 1320 ἀστῶν,
1038 1264 1087 1311 ὡς
1118 1264 1256 1304 θάνω·
1306 1260 1459 1320 βραχὺς
1491 1260 1556 1301 λό-

183 1363 279 1404 γος,
312 1345 496 1397 aliaque.
534 1340 734 1380 Similiter
763 1338 920 1393 Apollo
947 1337 991 1376 in
1024 1333 1198 1389 lemno
1223 1335 1274 1374 z'n
1296 1333 1400 1373 Del.
1429 1332 1557 1372 Calli-

182 1416 348 1463 machi,
377 1413 449 1454 94.
482 1412 571 1472 ἐρέω
606 1428 639 1453 τι
662 1411 868 1471 τορώτερον
899 1409 922 1454 ἢ
957 1407 1035 1450 ἀπὸ
1067 1406 1242 1466 δάφνης·
1277 1409 1390 1465 φεῦγε
1413 1406 1556 1464 πρόσω.

185 1489 259 1529 ubi
299 1488 503 1545 τορώτερον
539 1491 622 1524 tres
658 1483 802 1538 magni
833 1481 911 1522 viri
943 1481 1192 1521 coniectura
1224 1478 1404 1518 assecuti
1436 1483 1557 1525 sunt,

183 1574 264 1618 pro
299 1560 524 1618 τομώτερον.
583 1556 626 1596 Si
663 1556 694 1596 P
726 1555 770 1594 in
805 1555 853 1597 M
887 1552 1005 1593 abire
1036 1552 1203 1608 potuit,
1242 1550 1393 1605 quidni
1425 1550 1469 1590 in
1500 1550 1564 1604 Δ,

185 1631 436 1688 praesertim
476 1631 519 1669 in
554 1628 715 1668 rariore
749 1625 965 1667 vocabulo
1008 1623 1128 1679 apud
1158 1621 1433 1676 Euripidem:
1477 1635 1567 1676 quo

191 1712 335 1745 tamen
360 1700 598 1756 Aeschylus
624 1699 872 1753 frequenter
895 1711 994 1737 usus
1017 1702 1091 1736 est.
1132 1695 1188 1734 De
1216 1693 1445 1733 deficiente
1472 1706 1566 1733 cae-

190 1789 287 1816 sura
324 1775 381 1815 cf.
412 1773 556 1813 Herm.
593 1771 666 1811 El.
697 1770 855 1810 Doetr.
886 1768 1020 1809 stlelr.
1052 1783 1096 1823 p.
1133 1766 1205 1805 lll
1243 1779 1306 1820 sq.
1343 1764 1393 1804 In
1422 1770 1567 1804 nostra

195 1846 463 1887 correctione
505 1858 556 1884 eo
592 1843 726 1899 magis
758 1841 857 1882 ferri
887 1846 1052 1895 potest,
1090 1837 1212 1893 quod
1242 1836 1458 1891 loquentis
1490 1849 1568 1876 vox

196 1918 415 1959 inhibetur
446 1917 489 1956 in
518 1915 604 1955 fine
634 1913 813 1955 secundi
844 1912 978 1967 pedis.
1015 1935 1071 1940 ——-
1108 1908 1187 1949 Cui
1217 1907 1324 1947 haec
1356 1921 1443 1946 non
1474 1907 1569 1961 pla-

197 1996 318 2038 cent,
361 1988 542 2043 recipiat
574 1993 690 2027 certe
718 1984 1043 2025 Porsionianum
1075 1979 1200 2035 τοῦδ’,
1242 1979 1490 2034 praesertim
1527 1977 1570 2017 in

197 2074 283 2101 uno
318 2059 478 2100 Codice
512 2057 709 2098 obvium:
753 2061 803 2096 ut
839 2055 919 2095 hoc
954 2053 1115 2093 sallem
1146 2056 1264 2091 melu
1296 2056 1338 2090 te
1366 2049 1570 2089 liberem.-

198 2131 320 2187 quod
346 2130 378 2170 si
407 2128 635 2169 attenderit
660 2127 877 2174 Klotzius‚
911 2138 999 2165 non
1027 2137 1152 2179 aegre
1185 2123 1290 2162 feret
1321 2120 1573 2161 collocatio-

200 2217 297 2243 nem
328 2199 605 2256 pronominis.

265 2272 389 2313 1091.
433 2271 468 2312 εἴ
497 2288 530 2313 τι
551 2268 798 2316 Πολυνείκους
820 2270 904 2327 πέρι
927 2264 1047 2308 Οἶσθ)
1063 2280 1072 2288 ·
1108 2265 1160 2314 ὡς
1183 2264 1284 2322 μέλει
1306 2280 1366 2319 μοι
1388 2261 1452 2303 καὶ
1474 2260 1577 2317 τόδ’,

206 2347 237 2387 εἰ
266 2345 412 2387 λεύσσει
443 2346 552 2403 φάος.
608 2342 674 2381 Ita
713 2340 823 2380 haec
866 2339 994 2394 vulgo
1036 2338 1413 2392 interpunguntur.
1468 2334 1576 2374 Her-

206 2431 388 2458 mannus
428 2416 509 2455 levi
550 2426 793 2469 paucorum
835 2410 1042 2450 librorum
1082 2409 1239 2449 auxilio
1274 2406 1481 2447 correxit:
1528 2405 1580 2453 ὡς

208 2489 309 2546 μέλει
341 2487 405 2529 καὶ
440 2485 550 2529 τοῦδέ
584 2502 643 2542 μοι
675 2484 840 2525 λεύσσειν
872 2485 990 2541 φάοςε
1033 2487 1185 2520 notans
1215 2480 1473 2533 Interpretes
1504 2477 1580 2532 qui

211 2562 264 2601 cle
296 2559 503 2600 sententia
535 2558 673 2598 securi
704 2556 891 2596 fuerunt.
939 2554 1062 2593 Hanc
1101 2551 1399 2591 difficultatem
1433 2548 1581 2589 sustuli

211 2631 482 2673 secludendis
522 2630 565 2669 in
607 2627 852 2684 parenthesi
891 2625 1030 2667 verbis
1075 2624 1126 2672 ὡς
1160 2622 1263 2679 με’λει
1293 2639 1352 2678 μοι
1384 2620 1448 2662 καὶ
1479 2620 1584 2675 τόδ’,

213 2704 267 2744 (10
299 2717 388 2759 quo
421 2715 573 2759 genere
607 2697 936 2741 constructionis
965 2702 1082 2737 recte
1111 2695 1275 2736 iudicat
1306 2692 1507 2734 Firnhab.
1540 2692 1584 2731 in

215 2775 297 2830 Op.
325 2776 351 2815 l.
392 2790 435 2829 p.
467 2774 534 2815 77.
588 2772 671 2812 Sed
711 2768 1025 2812 Hermanniana
1063 2767 1273 2808 correctio
1311 2765 1442 2806 efficit
1481 2777 1585 2804 con-
