2020 3326
634 213 1205 264 COMMENTARIUS.
1526 235 1610 274 215

230 349 544 404 significatione
576 352 735 409 φθάσας
768 352 913 415 ἐποίουν
943 362 984 396 et
1014 360 1134 417 ἔφθην
1165 369 1307 422 ποιῶν,
1340 368 1492 423 quidni
1524 385 1603 426 pfl-

229 421 329 460 riter
360 421 502 478 κλέψας
536 421 681 466 ἐποίουν
712 432 752 466 et
785 426 926 483 ἔκλεψα
958 436 1095 472 ποιῶνε
1134 434 1288 492 ltaque
1321 439 1365 480 hi
1392 441 1479 482 duo
1509 456 1604 483 ver-

227 508 296 533 sus
326 494 385 534 sic
417 495 638 549 leguntur:

436 566 588 615 πολλοῖς
621 567 658 609 δ’
681 568 784 626 ἐπῄει
817 572 998 628 θαῦμα
1031 582 1096 625 τῆς
1127 579 1243 637 εὐχῆς
1276 585 1371 639 ὅση,

434 639 701 696 κᾶκ).εψαν
732 642 909 692 ἀλλήλοις
943 644 1179 700 διαδιδόντες
1209 656 1338 713 κόρας.

223 709 417 755 αλλήλοισι
449 709 648 760 διαδόντες
679 714 758 753 suit
790 716 964 758 sortasse
994 723 1206 763 correctio
1233 728 1420 769 metrici:
1452 731 1597 785 requi-

223 782 329 821 ritur
380 782 492 822 enim
543 781 801 834 διαδιδόντεςε
858 802 945 842 qua
987 790 1170 834 lectione
1209 806 1408 854 recepta,
1455 815 1598 842 versus

220 853 398 907 quidem
429 855 568 895 minus
597 871 821 898 numerose
859 862 1081 915 procedit,
1127 867 1277 908 eodem
1310 877 1452 912 tamen
1492 887 1596 914 sono

221 938 311 979 quo
343 927 543 980 permulti
576 928 619 968 in
650 929 880 985 Euripide,
916 934 1046 974 veluti
1079 936 1251 979 I’lzoen.
1280 940 1381 982 463.
1415 946 1594 1002 παραινέ-

222 1011 285 1037 σαι
320 995 365 1038 δὲ
397 1003 517 1057 σφῷν.
553 998 648 1040 Alc.
678 1000 779 1041 654.
821 1004 1018 1054 πέπονθας
1049 1007 1216 1062 ᾗβησας.
1249 1011 1348 1054 842.
1386 1015 1599 1066 ’Ἄλκηστιν

221 1068 426 1127 ’Λδμήτῳ.
471 1071 624 1126 Iplu'g.
654 1072 788 1113 Ταιιν.
821 1074 922 1116 244.
966 1077 1165 1138 Ἀρτέμιδι
1197 1083 1395 1141 χέρνιβας.
1440 1089 1595 1145 [pheg-

217 1141 321 1181 Aul.
359 1141 483 1181 1593.
524 1144 719 1198 προῦθηκε
752 1143 920 1201 βωμίαν.
965 1150 1071 1190 Ilee.
1108 1152 1206 1193 989.
1238 1157 1415 1211 μάλιστα
1449 1160 1593 1203 τούκεί-

217 1229 296 1253 νου.
336 1212 458 1253 1159.
498 1215 636 1271 γένοιτο
669 1214 903 1273 διαδοχαῖςε
947 1235 1001 1260 110
1046 1236 1314 1276 enumerem,
1354 1230 1396 1269 in
1433 1232 1593 1285 quibus

217 1285 336 1340 prius
360 1284 677 1326 hemistichium
708 1289 901 1329 ultimam
937 1292 1146 1346 syllabam
1173 1296 1318 1338 elisam
1347 1299 1501 1352 habet⁷
1530 1306 1595 1344 vel

215 1356 476 1410 particulam
511 1357 754 1398 encliticam
792 1369 1055 1416 sequentem.
1107 1365 1273 1417 Quibus
1304 1369 1412 1412 haee
1444 1373 1594 1430 dispu-

216 1427 318 1466 tatio
357 1441 449 1467 mea
489 1427 542 1467 de
582 1428 646 1468 his
678 1429 813 1471 tribus
851 1433 1040 1474 versibus
1079 1450 1168 1477 non
1208 1439 1379 1494 placet,
1416 1458 1495 1499 per
1525 1460 1592 1486 me

214 1498 314 1537 licet
345 1498 705 1540 Valckenaerium
739 1511 1003 1558 sequantur,
1041 1520 1202 1564 eosque
1236 1525 1321 1553 una
1354 1514 1479 1556 litura
1515 1517 1590 1557 de-

213 1569 342 1609 leant.
360 1594 418 1598 ——
443 1569 525 1609 Alii
550 1577 694 1611 autem
721 1572 840 1614 haud
862 1576 1001 1617 minus
1029 1588 1228 1635 suspecto
1253 1583 1353 1625 1000
1376 1586 1592 1643 Euripidis

213 1640 408 1680 adhiberi
438 1642 563 1682 velim
595 1644 852 1686 tralaticiam
883 1648 1102 1691 literarum
1130 1651 1157 1707 β
1186 1661 1226 1694 01
1256 1672 1279 1696 κ
1309 1661 1589 1711 permutatio-

211 1726 332 1760 nem,
368 1726 500 1767 quam
527 1713 571 1754 in
598 1715 798 1773 κᾶκλεψαν
827 1718 1000 1771 admisi3
1033 1723 1234 1766 nimirum
1270 1729 1426 1785 Iplzefg.
1453 1731 1590 1774 Taur.

210 1783 310 1824 633.
344 1782 481 1843 ξανθῷ
513 1785 545 1826 τ’
568 1785 685 1846 ἐλαίῳ
719 1795 836 1846 σῶμα
869 1791 934 1833 σὸν
967 1795 1229 1853 κατασβέσω,
1263 1800 1333 1840 0111
1366 1815 1444 1857 ego
1475 1804 1589 1844 salu-

212 1862 296 1895 tem
321 1870 410 1896 non
436 1859 602 1912 reperio
633 1860 712 1900 nisi
741 1862 784 1902 in
808 1862 892 1903 hae
920 1867 1209 1909 correctione:
1249 1868 1395 1920 ’ξανθόν
1416 1873 1449 1914 τ’
1471 1873 1593 1917 ἔλαιον

212 1928 392 1983 σώματος
423 1929 674 1972 κατασκεδῶ.
723 1931 938 1989 Corrupto
965 1944 1182 1991 postremo
1206 1956 1349 1983 versus
1373 1946 1590 1988 vocabulo

210 1999 379 2054 reliqua
411 2002 607 2042 consulto
638 2009 802 2045 mutata
834 2005 1023 2048 fuerunt.

272 2070 398 2112 1381.
440 2072 539 2114 vid.
568 2080 658 2114 not.
689 2075 745 2115 ad
773 2091 831 2117 vs.
863 2077 960 2119 758.

275 2142 398 2184 1382.
442 2141 522 2185 ἐπεὶ
556 2143 594 2186 δ’
619 2146 762 2206 ἀφείθη
794 2148 875 2190 κτὲ.
925 2149 1077 2191 Nescio
1110 2153 1218 2207 quid
1251 2155 1468 2199 Klotzium
1499 2175 1590 2202 mo-

212 2213 318 2255 verit
345 2221 392 2255 ut
416 2214 523 2256 haec
552 2217 680 2258 verba
710 2219 769 2260 sic
799 2219 1047 2263 instrueret:
1073 2221 1154 2265 ἐπεὶ
1188 2223 1226 2266 δ’
1249 2226 1392 2286 ἀφείθη
1422 2231 1592 2291 πύρσος,

213 2286 263 2333 ὡς
292 2287 527 2346 Τυρσηνικῆς
559 2289 775 2347 σάλπιγγος
807 2293 885 2348 ἠχή
929 2292 1011 2335 κτὲ.
1080 2293 1430 2353 Congrediuntur
1464 2304 1591 2345 Eteo-

212 2358 299 2398 cles
329 2364 369 2398 et
401 2358 646 2414 Polynices,
686 2377 875 2418 quorum
905 2366 1334 2424 1111111111111111110111111
1365 2373 1590 2430 Euripides

213 2430 391 2470 consilio
432 2429 615 2491 δράμημα
656 2435 862 2489 appellat.
918 2437 1010 2478 Hoc
1051 2438 1165 2479 ultro
1205 2441 1326 2483 ducit
1358 2444 1413 2484 ad
1444 2446 1590 2488 obser-

212 2501 399 2541 vandam
431 2506 800 2560 comparationem
828 2506 956 2548 huius
985 2523 1159 2565 pugnae
1189 2525 1287 2553 eum
1320 2528 1462 2557 eursu.
1499 2518 1590 2559 Fie-

210 2571 284 2611 bat
316 2579 458 2613 autem
480 2590 651 2630 pugna,
686 2591 774 2617 non
805 2591 928 2619 verus
961 2593 1131 2622 cursus:
1162 2583 1274 2624 illius
1300 2586 1426 2637 tuba,
1464 2588 1589 2631 huius

214 2644 438 2699 proprium
469 2653 558 2687 erat
592 2648 697 2688 facis
725 2649 908 2705 signum.
951 2651 1107 2708 Itaque
1140 2659 1409 2714 comparatio
1443 2650 1592 2702 cursus

215 2729 312 2755 eum
339 2730 483 2771 pugna
513 2718 566 2759 ab
595 2719 678 2760 hoe
706 2720 803 2762 loeo
831 2736 1003 2777 prorsus
1030 2724 1164 2767 aliena
1195 2734 1267 2768 est.
1306 2729 1446 2772 Verba
1474 2747 1585 2774 nun-
