<?xml version="1.0" encoding="UTF-8"?>
<!DOCTYPE html PUBLIC "-//W3C//DTD XHTML 1.0 Transitional//EN"
    "http://www.w3.org/TR/xhtml1/DTD/xhtml1-transitional.dtd">
<html xmlns="http://www.w3.org/1999/xhtml" xml:lang="en" lang="en">
 <head>
  <title>
</title>
<meta http-equiv="Content-Type" content="text/html;charset=utf-8" />
  <meta name='ocr-system' content='tesseract 3.04.00' />
  <meta name='ocr-capabilities' content='ocr_page ocr_carea ocr_par ocr_line ocrx_word'/>
</head>
<body>
  <div class='ocr_page' id='page_1' title='image "./phoenissaecumcom00euriuoft_0264.png"; bbox 0 0 2020 3326; ppageno 0'>
   <div class='ocr_carea' id='block_1_1' title="bbox 467 259 1423 306">
    <p class='ocr_par' dir='ltr' id='par_1_1' title="bbox 467 259 1423 306">
     <span class='ocr_line' id='line_1_1' title="bbox 467 259 1423 306; baseline -0.006 0"><span class='ocrx_word' id='word_1_1' title='bbox 467 264 553 306; x_wconf 76' lang='lat'>242</span> <span class='ocrx_word' id='word_1_2' title='bbox 863 259 1423 303; x_wconf 77' lang='lat' dir='ltr'>COMMENTARIUS.</span> 
     </span>
    </p>
   </div>
   <div class='ocr_carea' id='block_1_2' title="bbox 462 397 1829 2821">
    <p class='ocr_par' dir='ltr' id='par_1_2' title="bbox 462 397 1829 2104">
     <span class='ocr_line' id='line_1_2' title="bbox 470 397 1821 449; baseline 0.001 -9"><span class='ocrx_word' id='word_1_3' title='bbox 470 407 605 440; x_wconf 84' lang='lat' dir='ltr'>ratam</span> <span class='ocrx_word' id='word_1_4' title='bbox 633 399 749 438; x_wconf 86' lang='lat' dir='ltr'>illam</span> <span class='ocrx_word' id='word_1_5' title='bbox 783 397 1018 437; x_wconf 88' lang='lat' dir='ltr'>»commoti</span> <span class='ocrx_word' id='word_1_6' title='bbox 1049 397 1213 437; x_wconf 86' lang='lat' dir='ltr'>animi’‘</span> <span class='ocrx_word' id='word_1_7' title='bbox 1249 398 1563 438; x_wconf 87' lang='lat' dir='ltr'>excusationem</span> <span class='ocrx_word' id='word_1_8' title='bbox 1592 399 1734 449; x_wconf 86' lang='lat' dir='ltr'>affert,</span> <span class='ocrx_word' id='word_1_9' title='bbox 1768 402 1821 442; x_wconf 87' lang='lat' dir='ltr'>de</span> 
     </span>
     <span class='ocr_line' id='line_1_3' title="bbox 466 469 1824 524; baseline 0.001 -13"><span class='ocrx_word' id='word_1_10' title='bbox 466 472 549 511; x_wconf 89' lang='lat' dir='ltr'>hoc</span> <span class='ocrx_word' id='word_1_11' title='bbox 574 471 707 519; x_wconf 87' lang='lat' dir='ltr'>valet,</span> <span class='ocrx_word' id='word_1_12' title='bbox 744 469 863 524; x_wconf 92' lang='lat' dir='ltr'>quod</span> <span class='ocrx_word' id='word_1_13' title='bbox 892 469 1157 510; x_wconf 87' lang='lat' dir='ltr'>Hermannus</span> <span class='ocrx_word' id='word_1_14' title='bbox 1187 469 1269 510; x_wconf 88' lang='lat' dir='ltr'>alio</span> <span class='ocrx_word' id='word_1_15' title='bbox 1300 470 1397 510; x_wconf 92' lang='lat' dir='ltr'>loco</span> <span class='ocrx_word' id='word_1_16' title='bbox 1427 469 1556 519; x_wconf 82' lang='lat' dir='ltr'>dixit,</span> <span class='ocrx_word' id='word_1_17' title='bbox 1594 471 1667 511; x_wconf 88' lang='lat' dir='ltr'>tali</span> <span class='ocrx_word' id='word_1_18' title='bbox 1695 473 1824 513; x_wconf 90' lang='lat' dir='ltr'>modo</span> 
     </span>
     <span class='ocr_line' id='line_1_4' title="bbox 468 541 1822 597; baseline 0.001 -14"><span class='ocrx_word' id='word_1_19' title='bbox 468 544 533 583; x_wconf 85' lang='lat' dir='ltr'>vel</span> <span class='ocrx_word' id='word_1_20' title='bbox 573 541 869 583; x_wconf 87' lang='lat' dir='ltr'>absurdissima</span> <span class='ocrx_word' id='word_1_21' title='bbox 908 541 1078 581; x_wconf 88' lang='lat' dir='ltr'>tolerari</span> <span class='ocrx_word' id='word_1_22' title='bbox 1120 554 1258 597; x_wconf 87' lang='lat' dir='ltr'>posse.</span> <span class='ocrx_word' id='word_1_23' title='bbox 1321 541 1399 581; x_wconf 91' lang='lat' dir='ltr'>Hic</span> <span class='ocrx_word' id='word_1_24' title='bbox 1439 541 1735 583; x_wconf 91' lang='lat' dir='ltr'>difficultatem</span> <span class='ocrx_word' id='word_1_25' title='bbox 1779 544 1822 584; x_wconf 86' lang='lat' dir='ltr'>in</span> 
     </span>
     <span class='ocr_line' id='line_1_5' title="bbox 465 613 1821 670; baseline 0.001 -15"><span class='ocrx_word' id='word_1_26' title='bbox 465 616 549 655; x_wconf 89' lang='lat' dir='ltr'>hoc</span> <span class='ocrx_word' id='word_1_27' title='bbox 579 628 700 656; x_wconf 90' lang='lat' dir='ltr'>versu</span> <span class='ocrx_word' id='word_1_28' title='bbox 724 613 1080 654; x_wconf 76' lang='lat' dir='ltr'>Plzoem&#39;ssarzcm</span> <span class='ocrx_word' id='word_1_29' title='bbox 1111 613 1305 669; x_wconf 86' lang='lat' dir='ltr'>agnovit,</span> <span class='ocrx_word' id='word_1_30' title='bbox 1348 626 1529 668; x_wconf 90' lang='lat' dir='ltr'>eamque</span> <span class='ocrx_word' id='word_1_31' title='bbox 1568 614 1659 654; x_wconf 85' lang='lat' dir='ltr'>tolli</span> <span class='ocrx_word' id='word_1_32' title='bbox 1693 621 1821 670; x_wconf 89' lang='lat' dir='ltr'>puta—</span> 
     </span>
     <span class='ocr_line' id='line_1_6' title="bbox 467 684 1823 743; baseline 0.001 -16"><span class='ocrx_word' id='word_1_33' title='bbox 467 687 526 727; x_wconf 86' lang='lat' dir='ltr'>vit</span> <span class='ocrx_word' id='word_1_34' title='bbox 552 691 723 741; x_wconf 83' lang='lat' dir='ltr'>recepta</span> <span class='ocrx_word' id='word_1_35' title='bbox 751 684 953 725; x_wconf 87' lang='lat' dir='ltr'>Siebelisii</span> <span class='ocrx_word' id='word_1_36' title='bbox 984 684 1253 725; x_wconf 88' lang='lat' dir='ltr'>coniectura:</span> <span class='ocrx_word' id='word_1_37' title='bbox 1288 685 1319 726; x_wconf 86' lang='grc' dir='ltr'>εἰ</span> <span class='ocrx_word' id='word_1_38' title='bbox 1349 684 1450 726; x_wconf 80' lang='grc' dir='ltr'><em>τόνδ’</em></span> <span class='ocrx_word' id='word_1_39' title='bbox 1472 684 1634 743; x_wconf 69' lang='grc' dir='ltr'><em>ὑβρίζεις</em></span> <span class='ocrx_word' id='word_1_40' title='bbox 1663 686 1743 728; x_wconf 78' lang='grc' dir='ltr'>κτὲ.</span> <span class='ocrx_word' id='word_1_41' title='bbox 1779 686 1823 727; x_wconf 87' lang='lat' dir='ltr'>Si</span> 
     </span>
     <span class='ocr_line' id='line_1_7' title="bbox 463 756 1820 812; baseline 0 -13"><span class='ocrx_word' id='word_1_42' title='bbox 463 772 610 799; x_wconf 89' lang='lat' dir='ltr'>verum</span> <span class='ocrx_word' id='word_1_43' title='bbox 636 758 741 798; x_wconf 86' lang='lat' dir='ltr'>inest</span> <span class='ocrx_word' id='word_1_44' title='bbox 767 757 815 796; x_wconf 89' lang='lat' dir='ltr'>iis</span> <span class='ocrx_word' id='word_1_45' title='bbox 850 770 963 812; x_wconf 86' lang='lat' dir='ltr'>quae</span> <span class='ocrx_word' id='word_1_46' title='bbox 1003 756 1132 796; x_wconf 89' lang='lat' dir='ltr'>modo</span> <span class='ocrx_word' id='word_1_47' title='bbox 1171 756 1406 812; x_wconf 79' lang='lat' dir='ltr'>disputavi,</span> <span class='ocrx_word' id='word_1_48' title='bbox 1450 758 1521 798; x_wconf 84' lang='lat' dir='ltr'>illa</span> <span class='ocrx_word' id='word_1_49' title='bbox 1555 759 1820 800; x_wconf 80' lang='lat' dir='ltr'>correctione</span> 
     </span>
     <span class='ocr_line' id='line_1_8' title="bbox 467 827 1820 886; baseline 0.001 -16"><span class='ocrx_word' id='word_1_50' title='bbox 467 830 572 870; x_wconf 85' lang='lat' dir='ltr'>nihil</span> <span class='ocrx_word' id='word_1_51' title='bbox 597 830 835 869; x_wconf 90' lang='lat' dir='ltr'>lucramur:</span> <span class='ocrx_word' id='word_1_52' title='bbox 861 827 1048 868; x_wconf 81' lang='lat' dir='ltr'>manebit</span> <span class='ocrx_word' id='word_1_53' title='bbox 1080 828 1213 877; x_wconf 82' lang='lat' dir='ltr'>enim,</span> <span class='ocrx_word' id='word_1_54' title='bbox 1249 828 1505 885; x_wconf 80' lang='lat' dir='ltr'>Antigonam</span> <span class='ocrx_word' id='word_1_55' title='bbox 1530 831 1720 871; x_wconf 86' lang='lat' dir='ltr'>exsilium</span> <span class='ocrx_word' id='word_1_56' title='bbox 1741 845 1820 886; x_wconf 86' lang='lat' dir='ltr'>pa-</span> 
     </span>
     <span class='ocr_line' id='line_1_9' title="bbox 467 898 1818 960; baseline 0 -18"><span class='ocrx_word' id='word_1_57' title='bbox 467 903 540 942; x_wconf 86' lang='lat' dir='ltr'>tris</span> <span class='ocrx_word' id='word_1_58' title='bbox 568 915 648 956; x_wconf 84' lang='lat' dir='ltr'>pro</span> <span class='ocrx_word' id='word_1_59' title='bbox 678 914 775 942; x_wconf 90' lang='lat' dir='ltr'>vera</span> <span class='ocrx_word' id='word_1_60' title='bbox 806 898 910 960; x_wconf 79' lang='grc' dir='ltr'><em>ὖβρει</em></span> <span class='ocrx_word' id='word_1_61' title='bbox 941 900 1113 940; x_wconf 85' lang='lat' dir='ltr'>habere.</span> <span class='ocrx_word' id='word_1_62' title='bbox 1156 900 1309 955; x_wconf 86' lang='lat' dir='ltr'>Itaque</span> <span class='ocrx_word' id='word_1_63' title='bbox 1340 900 1389 940; x_wconf 89' lang='lat' dir='ltr'>fit</span> <span class='ocrx_word' id='word_1_64' title='bbox 1422 901 1596 955; x_wconf 91' lang='lat' dir='ltr'>quidem</span> <span class='ocrx_word' id='word_1_65' title='bbox 1627 901 1818 952; x_wconf 82' lang='lat' dir='ltr'>Creonti,</span> 
     </span>
     <span class='ocr_line' id='line_1_10' title="bbox 465 971 1820 1028; baseline 0.001 -15"><span class='ocrx_word' id='word_1_66' title='bbox 465 974 644 1014; x_wconf 88' lang='lat' dir='ltr'>admisso</span> <span class='ocrx_word' id='word_1_67' title='bbox 674 973 733 1028; x_wconf 70' lang='grc' dir='ltr'>εἰ,</span> <span class='ocrx_word' id='word_1_68' title='bbox 764 971 1049 1028; x_wconf 87' lang='lat' dir='ltr'>respondendi</span> <span class='ocrx_word' id='word_1_69' title='bbox 1079 972 1236 1021; x_wconf 91' lang='lat' dir='ltr'>otium,</span> <span class='ocrx_word' id='word_1_70' title='bbox 1269 971 1508 1028; x_wconf 79' lang='lat' dir='ltr'>Antigonae</span> <span class='ocrx_word' id='word_1_71' title='bbox 1533 987 1632 1015; x_wconf 87' lang='lat' dir='ltr'>vero</span> <span class='ocrx_word' id='word_1_72' title='bbox 1658 974 1820 1014; x_wconf 89' lang='lat' dir='ltr'>iudicio</span> 
     </span>
     <span class='ocr_line' id='line_1_11' title="bbox 464 1044 1815 1101; baseline 0 -15"><span class='ocrx_word' id='word_1_73' title='bbox 464 1052 506 1086; x_wconf 92' lang='lat' dir='ltr'>et</span> <span class='ocrx_word' id='word_1_74' title='bbox 537 1045 725 1086; x_wconf 81' lang='lat' dir='ltr'>excelsae</span> <span class='ocrx_word' id='word_1_75' title='bbox 762 1044 896 1085; x_wconf 89' lang='lat' dir='ltr'>indoli</span> <span class='ocrx_word' id='word_1_76' title='bbox 934 1058 1021 1084; x_wconf 88' lang='lat' dir='ltr'>non</span> <span class='ocrx_word' id='word_1_77' title='bbox 1057 1044 1259 1084; x_wconf 79' lang='lat' dir='ltr'>satisfacit</span> <span class='ocrx_word' id='word_1_78' title='bbox 1289 1044 1550 1085; x_wconf 86' lang='lat' dir='ltr'>Siebelisius:</span> <span class='ocrx_word' id='word_1_79' title='bbox 1591 1046 1815 1101; x_wconf 87' lang='lat' dir='ltr'>requirunt</span> 
     </span>
     <span class='ocr_line' id='line_1_12' title="bbox 464 1116 1820 1172; baseline 0 -15"><span class='ocrx_word' id='word_1_80' title='bbox 464 1118 571 1158; x_wconf 88' lang='lat' dir='ltr'>haec</span> <span class='ocrx_word' id='word_1_81' title='bbox 597 1123 643 1157; x_wconf 90' lang='lat' dir='ltr'>ut</span> <span class='ocrx_word' id='word_1_82' title='bbox 663 1117 778 1172; x_wconf 87' lang='lat' dir='ltr'>regia</span> <span class='ocrx_word' id='word_1_83' title='bbox 805 1117 922 1172; x_wconf 90' lang='lat' dir='ltr'>virgo</span> <span class='ocrx_word' id='word_1_84' title='bbox 947 1116 1077 1156; x_wconf 83' lang='lat' dir='ltr'>exsilii</span> <span class='ocrx_word' id='word_1_85' title='bbox 1101 1116 1217 1156; x_wconf 84' lang='lat' dir='ltr'>istius</span> <span class='ocrx_word' id='word_1_86' title='bbox 1239 1116 1439 1156; x_wconf 84' lang='lat' dir='ltr'>duritiem</span> <span class='ocrx_word' id='word_1_87' title='bbox 1466 1116 1680 1172; x_wconf 84' lang='lat' dir='ltr'>deploret,</span> <span class='ocrx_word' id='word_1_88' title='bbox 1711 1118 1820 1157; x_wconf 91' lang='lat' dir='ltr'>eius-</span> 
     </span>
     <span class='ocr_line' id='line_1_13' title="bbox 464 1189 1820 1244; baseline 0.001 -14"><span class='ocrx_word' id='word_1_89' title='bbox 464 1190 560 1230; x_wconf 88' lang='lat' dir='ltr'>dem</span> <span class='ocrx_word' id='word_1_90' title='bbox 598 1203 696 1230; x_wconf 90' lang='lat' dir='ltr'>vero</span> <span class='ocrx_word' id='word_1_91' title='bbox 735 1190 1026 1229; x_wconf 86' lang='lat' dir='ltr'>necessitatem</span> <span class='ocrx_word' id='word_1_92' title='bbox 1056 1189 1230 1238; x_wconf 90' lang='lat' dir='ltr'>sentiat,</span> <span class='ocrx_word' id='word_1_93' title='bbox 1273 1202 1353 1229; x_wconf 88' lang='lat' dir='ltr'>nec</span> <span class='ocrx_word' id='word_1_94' title='bbox 1384 1189 1558 1244; x_wconf 88' lang='lat' dir='ltr'>culpam</span> <span class='ocrx_word' id='word_1_95' title='bbox 1587 1189 1631 1229; x_wconf 87' lang='lat' dir='ltr'>in</span> <span class='ocrx_word' id='word_1_96' title='bbox 1661 1189 1820 1231; x_wconf 82' lang='lat' dir='ltr'>Creon-</span> 
     </span>
     <span class='ocr_line' id='line_1_14' title="bbox 466 1259 1829 1321; baseline 0 -19"><span class='ocrx_word' id='word_1_97' title='bbox 466 1268 551 1302; x_wconf 87' lang='lat' dir='ltr'>tem</span> <span class='ocrx_word' id='word_1_98' title='bbox 577 1260 782 1300; x_wconf 85' lang='lat' dir='ltr'>conferat.</span> <span class='ocrx_word' id='word_1_99' title='bbox 813 1260 947 1301; x_wconf 87' lang='lat' dir='ltr'>Minus</span> <span class='ocrx_word' id='word_1_100' title='bbox 971 1273 1094 1315; x_wconf 85' lang='lat' dir='ltr'>aegre</span> <span class='ocrx_word' id='word_1_101' title='bbox 1123 1260 1295 1300; x_wconf 85' lang='lat' dir='ltr'>ferrem:</span> <span class='ocrx_word' id='word_1_102' title='bbox 1328 1260 1369 1302; x_wconf 77' lang='grc' dir='ltr'>οὐ</span> <span class='ocrx_word' id='word_1_103' title='bbox 1399 1262 1466 1320; x_wconf 64' lang='grc' dir='ltr'>φῂς</span> <span class='ocrx_word' id='word_1_104' title='bbox 1497 1259 1660 1321; x_wconf 73' lang='grc' dir='ltr'><em>ὑβρίζειν</em></span> <span class='ocrx_word' id='word_1_105' title='bbox 1680 1287 1755 1317; x_wconf 68' lang='grc'>-,</span> <span class='ocrx_word' id='word_1_106' title='bbox 1787 1262 1829 1303; x_wconf 85' lang='grc' dir='ltr'>τί</span> 
     </span>
     <span class='ocr_line' id='line_1_15' title="bbox 465 1331 1820 1389; baseline -0.001 -15"><span class='ocrx_word' id='word_1_107' title='bbox 465 1331 510 1374; x_wconf 72' lang='grc' dir='ltr'>δὲ</span> <span class='ocrx_word' id='word_1_108' title='bbox 539 1333 778 1389; x_wconf 81' lang='grc' dir='ltr'><em>θεσμοποιεῖς</em></span> <span class='ocrx_word' id='word_1_109' title='bbox 805 1331 886 1373; x_wconf 81' lang='grc' dir='ltr'>κτὲ.</span> <span class='ocrx_word' id='word_1_110' title='bbox 925 1337 971 1371; x_wconf 92' lang='lat' dir='ltr'>ut</span> <span class='ocrx_word' id='word_1_111' title='bbox 1004 1331 1204 1385; x_wconf 82' lang='lat' dir='ltr'>respiciat</span> <span class='ocrx_word' id='word_1_112' title='bbox 1239 1346 1297 1372; x_wconf 89' lang='lat' dir='ltr'>vs.</span> <span class='ocrx_word' id='word_1_113' title='bbox 1327 1331 1447 1372; x_wconf 85' lang='lat'>1596.</span> <span class='ocrx_word' id='word_1_114' title='bbox 1484 1332 1634 1388; x_wconf 76' lang='lat' dir='ltr'>Negas</span> <span class='ocrx_word' id='word_1_115' title='bbox 1665 1339 1706 1373; x_wconf 84' lang='lat' dir='ltr'>te</span> <span class='ocrx_word' id='word_1_116' title='bbox 1731 1349 1820 1389; x_wconf 72' lang='lat' dir='ltr'>ym—</span> 
     </span>
     <span class='ocr_line' id='line_1_16' title="bbox 467 1403 1821 1456; baseline 0 -12"><span class='ocrx_word' id='word_1_117' title='bbox 467 1411 579 1445; x_wconf 80' lang='lat' dir='ltr'>trem</span> <span class='ocrx_word' id='word_1_118' title='bbox 604 1418 746 1444; x_wconf 81' lang='lat' dir='ltr'>meum</span> <span class='ocrx_word' id='word_1_119' title='bbox 767 1403 1060 1443; x_wconf 76' lang='lat' dir='ltr'>contumeliae</span> <span class='ocrx_word' id='word_1_120' title='bbox 1084 1416 1224 1442; x_wconf 78' lang='lat' dir='ltr'>causa</span> <span class='ocrx_word' id='word_1_121' title='bbox 1246 1404 1296 1442; x_wconf 77' lang='lat' dir='ltr'>z&#39;n</span> <span class='ocrx_word' id='word_1_122' title='bbox 1319 1404 1528 1443; x_wconf 69' lang='lat' dir='ltr'>exsilium</span> <span class='ocrx_word' id='word_1_123' title='bbox 1551 1406 1709 1444; x_wconf 72' lang='lat' dir='ltr'>eiicere</span> <span class='ocrx_word' id='word_1_124' title='bbox 1714 1420 1732 1456; x_wconf 86' lang='lat'><em>;</em></span> <span class='ocrx_word' id='word_1_125' title='bbox 1758 1407 1821 1444; x_wconf 80' lang='lat' dir='ltr'>sz&#39;t</span> 
     </span>
     <span class='ocr_line' id='line_1_17' title="bbox 464 1473 1817 1531; baseline -0.001 -15"><span class='ocrx_word' id='word_1_126' title='bbox 464 1479 560 1516; x_wconf 77' lang='lat' dir='ltr'>ita:</span> <span class='ocrx_word' id='word_1_127' title='bbox 589 1475 702 1531; x_wconf 74' lang='lat' dir='ltr'>quid</span> <span class='ocrx_word' id='word_1_128' title='bbox 721 1489 826 1515; x_wconf 78' lang='lat' dir='ltr'>vero</span> <span class='ocrx_word' id='word_1_129' title='bbox 854 1480 961 1515; x_wconf 83' lang='lat' dir='ltr'>caet.</span> <span class='ocrx_word' id='word_1_130' title='bbox 994 1473 1103 1513; x_wconf 90' lang='lat' dir='ltr'>Talis</span> <span class='ocrx_word' id='word_1_131' title='bbox 1135 1479 1248 1513; x_wconf 90' lang='lat' dir='ltr'>certe</span> <span class='ocrx_word' id='word_1_132' title='bbox 1278 1474 1493 1514; x_wconf 82' lang='lat' dir='ltr'>concessio</span> <span class='ocrx_word' id='word_1_133' title='bbox 1522 1475 1659 1515; x_wconf 86' lang='lat' dir='ltr'>minus</span> <span class='ocrx_word' id='word_1_134' title='bbox 1687 1475 1817 1515; x_wconf 89' lang='lat' dir='ltr'>dede-</span> 
     </span>
     <span class='ocr_line' id='line_1_18' title="bbox 463 1543 1813 1602; baseline -0.001 -15"><span class='ocrx_word' id='word_1_135' title='bbox 463 1554 530 1587; x_wconf 91' lang='lat' dir='ltr'>cet</span> <span class='ocrx_word' id='word_1_136' title='bbox 559 1546 823 1602; x_wconf 84' lang='lat' dir='ltr'>indignatam</span> <span class='ocrx_word' id='word_1_137' title='bbox 856 1545 1010 1593; x_wconf 86' lang='lat' dir='ltr'>filiam,</span> <span class='ocrx_word' id='word_1_138' title='bbox 1065 1544 1135 1584; x_wconf 85' lang='lat' dir='ltr'>cui</span> <span class='ocrx_word' id='word_1_139' title='bbox 1180 1543 1407 1585; x_wconf 88' lang='lat' dir='ltr'>»subtilem</span> <span class='ocrx_word' id='word_1_140' title='bbox 1446 1545 1813 1601; x_wconf 76' lang='lat' dir='ltr'>disputationem”</span> 
     </span>
     <span class='ocr_line' id='line_1_19' title="bbox 465 1616 1815 1673; baseline 0 -15"><span class='ocrx_word' id='word_1_141' title='bbox 465 1618 594 1658; x_wconf 84' lang='lat' dir='ltr'>tribui</span> <span class='ocrx_word' id='word_1_142' title='bbox 622 1624 737 1658; x_wconf 86' lang='lat' dir='ltr'>recte</span> <span class='ocrx_word' id='word_1_143' title='bbox 768 1616 982 1673; x_wconf 86' lang='lat' dir='ltr'>improbat</span> <span class='ocrx_word' id='word_1_144' title='bbox 1011 1616 1217 1657; x_wconf 84' lang='lat' dir='ltr'>Klotzius.</span> <span class='ocrx_word' id='word_1_145' title='bbox 1260 1616 1343 1656; x_wconf 87' lang='lat' dir='ltr'>Sed</span> <span class='ocrx_word' id='word_1_146' title='bbox 1374 1617 1600 1672; x_wconf 86' lang='lat' dir='ltr'>pessimum</span> <span class='ocrx_word' id='word_1_147' title='bbox 1628 1631 1815 1666; x_wconf 84' lang='lat' dir='ltr'>versum,</span> 
     </span>
     <span class='ocr_line' id='line_1_20' title="bbox 462 1688 1819 1746; baseline -0.001 -16"><span class='ocrx_word' id='word_1_148' title='bbox 462 1692 539 1746; x_wconf 87' lang='lat' dir='ltr'>qui</span> <span class='ocrx_word' id='word_1_149' title='bbox 578 1690 692 1730; x_wconf 82' lang='lat' dir='ltr'>facili</span> <span class='ocrx_word' id='word_1_150' title='bbox 732 1689 903 1745; x_wconf 88' lang='lat' dir='ltr'>negotio</span> <span class='ocrx_word' id='word_1_151' title='bbox 945 1688 1131 1729; x_wconf 88' lang='lat' dir='ltr'>inferciri</span> <span class='ocrx_word' id='word_1_152' title='bbox 1172 1689 1338 1743; x_wconf 82' lang='lat' dir='ltr'>potuit,</span> <span class='ocrx_word' id='word_1_153' title='bbox 1388 1688 1441 1729; x_wconf 90' lang='lat' dir='ltr'>ab</span> <span class='ocrx_word' id='word_1_154' title='bbox 1479 1689 1682 1744; x_wconf 89' lang='lat' dir='ltr'>Euripide</span> <span class='ocrx_word' id='word_1_155' title='bbox 1734 1703 1819 1729; x_wconf 91' lang='lat' dir='ltr'>esse</span> 
     </span>
     <span class='ocr_line' id='line_1_21' title="bbox 462 1759 1820 1816; baseline -0.001 -14"><span class='ocrx_word' id='word_1_156' title='bbox 462 1762 565 1802; x_wconf 87' lang='lat' dir='ltr'>mihi</span> <span class='ocrx_word' id='word_1_157' title='bbox 591 1762 658 1802; x_wconf 88' lang='lat' dir='ltr'>vix</span> <span class='ocrx_word' id='word_1_158' title='bbox 694 1760 1031 1816; x_wconf 81' lang='lat' dir='ltr'>persuadebitur.</span> <span class='ocrx_word' id='word_1_159' title='bbox 1079 1759 1311 1799; x_wconf 79' lang='lat' dir='ltr'>Mirabatur</span> <span class='ocrx_word' id='word_1_160' title='bbox 1338 1760 1512 1800; x_wconf 87' lang='lat' dir='ltr'>fortasse</span> <span class='ocrx_word' id='word_1_161' title='bbox 1540 1760 1820 1816; x_wconf 87' lang='lat' dir='ltr'>interpolator</span> 
     </span>
     <span class='ocr_line' id='line_1_22' title="bbox 465 1831 1815 1886; baseline -0.001 -12"><span class='ocrx_word' id='word_1_162' title='bbox 465 1833 648 1874; x_wconf 85' lang='lat' dir='ltr'>omisisse</span> <span class='ocrx_word' id='word_1_163' title='bbox 677 1833 873 1880; x_wconf 85' lang='lat' dir='ltr'>Poetam,</span> <span class='ocrx_word' id='word_1_164' title='bbox 910 1845 1022 1886; x_wconf 86' lang='lat' dir='ltr'>quae</span> <span class='ocrx_word' id='word_1_165' title='bbox 1051 1831 1121 1871; x_wconf 91' lang='lat' dir='ltr'>hic</span> <span class='ocrx_word' id='word_1_166' title='bbox 1148 1844 1245 1871; x_wconf 90' lang='lat' dir='ltr'>cum</span> <span class='ocrx_word' id='word_1_167' title='bbox 1275 1831 1434 1870; x_wconf 87' lang='lat' dir='ltr'>iudicio</span> <span class='ocrx_word' id='word_1_168' title='bbox 1464 1832 1673 1871; x_wconf 88' lang='lat' dir='ltr'>omiserat.</span> <span class='ocrx_word' id='word_1_169' title='bbox 1709 1831 1815 1873; x_wconf 86' lang='lat' dir='ltr'>Cae-</span> 
     </span>
     <span class='ocr_line' id='line_1_23' title="bbox 466 1902 1819 1958; baseline -0.001 -13"><span class='ocrx_word' id='word_1_170' title='bbox 466 1912 603 1945; x_wconf 84' lang='lat' dir='ltr'>terum</span> <span class='ocrx_word' id='word_1_171' title='bbox 631 1904 719 1944; x_wconf 87' lang='lat' dir='ltr'>huc</span> <span class='ocrx_word' id='word_1_172' title='bbox 748 1904 960 1958; x_wconf 87' lang='lat' dir='ltr'>pertinent</span> <span class='ocrx_word' id='word_1_173' title='bbox 983 1916 1097 1957; x_wconf 89' lang='lat' dir='ltr'>quae</span> <span class='ocrx_word' id='word_1_174' title='bbox 1123 1902 1232 1942; x_wconf 86' lang='lat' dir='ltr'>infra</span> <span class='ocrx_word' id='word_1_175' title='bbox 1262 1917 1318 1943; x_wconf 89' lang='lat' dir='ltr'>vs.</span> <span class='ocrx_word' id='word_1_176' title='bbox 1349 1902 1471 1944; x_wconf 80' lang='grc'><strong>1747.</strong></span> <span class='ocrx_word' id='word_1_177' title='bbox 1497 1903 1705 1943; x_wconf 87' lang='lat' dir='ltr'>exclamat</span> <span class='ocrx_word' id='word_1_178' title='bbox 1732 1904 1819 1944; x_wconf 90' lang='lat' dir='ltr'>An-</span> 
     </span>
     <span class='ocr_line' id='line_1_24' title="bbox 468 1973 1822 2034; baseline -0.001 -17"><span class='ocrx_word' id='word_1_179' title='bbox 468 1978 632 2033; x_wconf 83' lang='lat' dir='ltr'>tigone:</span> <span class='ocrx_word' id='word_1_180' title='bbox 672 1975 819 2018; x_wconf 68' lang='grc' dir='ltr'><em>τάλαιν’</em></span> <span class='ocrx_word' id='word_1_181' title='bbox 862 1974 938 2031; x_wconf 76' lang='grc' dir='ltr'>ἐγὼ</span> <span class='ocrx_word' id='word_1_182' title='bbox 969 1979 1065 2031; x_wconf 64' lang='grc' dir='ltr'><em>σοῦ,</em></span> <span class='ocrx_word' id='word_1_183' title='bbox 1104 1975 1286 2032; x_wconf 74' lang='grc' dir='ltr'>συγγόνου</span> <span class='ocrx_word' id='word_1_184' title='bbox 1325 1973 1366 2016; x_wconf 85' lang='grc' dir='ltr'>θ’</span> <span class='ocrx_word' id='word_1_185' title='bbox 1389 1973 1666 2034; x_wconf 68' lang='grc' dir='ltr'>ὑβρισμάτων,</span> <span class='ocrx_word' id='word_1_186' title='bbox 1709 1990 1822 2030; x_wconf 88' lang='lat' dir='ltr'>quae</span> 
     </span>
     <span class='ocr_line' id='line_1_25' title="bbox 468 2046 1791 2104; baseline -0.002 -14"><span class='ocrx_word' id='word_1_187' title='bbox 468 2050 552 2091; x_wconf 90' lang='lat' dir='ltr'>sive</span> <span class='ocrx_word' id='word_1_188' title='bbox 582 2049 805 2089; x_wconf 87' lang='lat' dir='ltr'>inserendo</span> <span class='ocrx_word' id='word_1_189' title='bbox 835 2051 899 2089; x_wconf 78' lang='grc' dir='ltr'><em>σοῦ</em></span> <span class='ocrx_word' id='word_1_190' title='bbox 937 2054 1033 2102; x_wconf 86' lang='lat' dir='ltr'>post</span> <span class='ocrx_word' id='word_1_191' title='bbox 1062 2048 1167 2104; x_wconf 67' lang='grc' dir='ltr'>ἐγώ,</span> <span class='ocrx_word' id='word_1_192' title='bbox 1209 2048 1292 2088; x_wconf 89' lang='lat' dir='ltr'>sive</span> <span class='ocrx_word' id='word_1_193' title='bbox 1341 2047 1422 2086; x_wconf 88' lang='lat' dir='ltr'>alio</span> <span class='ocrx_word' id='word_1_194' title='bbox 1464 2046 1593 2087; x_wconf 89' lang='lat' dir='ltr'>modo</span> <span class='ocrx_word' id='word_1_195' title='bbox 1637 2048 1791 2087; x_wconf 83' lang='lat' dir='ltr'>sarcias</span> 
     </span>
    </p>

    <p class='ocr_par' dir='ltr' id='par_1_3' title="bbox 464 2117 1821 2248">
     <span class='ocr_line' id='line_1_26' title="bbox 467 2117 1821 2176; baseline -0.003 -14"><span class='ocrx_word' id='word_1_196' title='bbox 467 2127 647 2176; x_wconf 86' lang='lat' dir='ltr'>apparet</span> <span class='ocrx_word' id='word_1_197' title='bbox 674 2120 871 2176; x_wconf 83' lang='lat' dir='ltr'>distingui</span> <span class='ocrx_word' id='word_1_198' title='bbox 903 2119 1055 2176; x_wconf 88' lang='lat' dir='ltr'>Oedipi</span> <span class='ocrx_word' id='word_1_199' title='bbox 1079 2120 1189 2160; x_wconf 85' lang='lat' dir='ltr'>mala</span> <span class='ocrx_word' id='word_1_200' title='bbox 1220 2133 1243 2158; x_wconf 88' lang='lat' dir='ltr'>a</span> <span class='ocrx_word' id='word_1_201' title='bbox 1271 2118 1527 2159; x_wconf 88' lang='lat' dir='ltr'>contumelia</span> <span class='ocrx_word' id='word_1_202' title='bbox 1560 2117 1749 2159; x_wconf 89' lang='lat' dir='ltr'>Creontis</span> <span class='ocrx_word' id='word_1_203' title='bbox 1778 2120 1821 2159; x_wconf 89' lang='lat' dir='ltr'>in</span> 
     </span>
     <span class='ocr_line' id='line_1_27' title="bbox 464 2193 723 2248; baseline 0 -16"><span class='ocrx_word' id='word_1_204' title='bbox 464 2193 723 2248; x_wconf 83' lang='lat' dir='ltr'>Polynicem.</span> 
     </span>
    </p>

    <p class='ocr_par' dir='ltr' id='par_1_4' title="bbox 468 2260 1820 2462">
     <span class='ocr_line' id='line_1_28' title="bbox 531 2260 1819 2316; baseline -0.003 -12"><span class='ocrx_word' id='word_1_205' title='bbox 531 2262 827 2304; x_wconf 84' lang='lat'>1653—1656.</span> <span class='ocrx_word' id='word_1_206' title='bbox 872 2262 1028 2303; x_wconf 85' lang='lat' dir='ltr'>Mutavi</span> <span class='ocrx_word' id='word_1_207' title='bbox 1063 2262 1450 2316; x_wconf 88' lang='lat' dir='ltr'>interpunctionem</span> <span class='ocrx_word' id='word_1_208' title='bbox 1479 2261 1523 2300; x_wconf 85' lang='lat' dir='ltr'>in</span> <span class='ocrx_word' id='word_1_209' title='bbox 1552 2260 1639 2300; x_wconf 91' lang='lat' dir='ltr'>fine</span> <span class='ocrx_word' id='word_1_210' title='bbox 1667 2260 1819 2301; x_wconf 88' lang='lat' dir='ltr'>horum</span> 
     </span>
     <span class='ocr_line' id='line_1_29' title="bbox 468 2332 1820 2389; baseline -0.003 -12"><span class='ocrx_word' id='word_1_211' title='bbox 468 2350 677 2377; x_wconf 81' lang='lat' dir='ltr'>versuum.</span> <span class='ocrx_word' id='word_1_212' title='bbox 731 2335 838 2375; x_wconf 87' lang='lat' dir='ltr'>Nam</span> <span class='ocrx_word' id='word_1_213' title='bbox 873 2334 1084 2389; x_wconf 89' lang='lat' dir='ltr'>Antigone</span> <span class='ocrx_word' id='word_1_214' title='bbox 1123 2339 1163 2373; x_wconf 93' lang='lat' dir='ltr'>et</span> <span class='ocrx_word' id='word_1_215' title='bbox 1203 2332 1340 2374; x_wconf 85' lang='lat' dir='ltr'>Creon</span> <span class='ocrx_word' id='word_1_216' title='bbox 1381 2332 1567 2388; x_wconf 88' lang='lat' dir='ltr'>cogitata</span> <span class='ocrx_word' id='word_1_217' title='bbox 1608 2333 1820 2388; x_wconf 83' lang='lat' dir='ltr'>utrimque</span> 
     </span>
     <span class='ocr_line' id='line_1_30' title="bbox 473 2405 1418 2462; baseline -0.004 -14"><span class='ocrx_word' id='word_1_218' title='bbox 473 2407 719 2448; x_wconf 80' lang='lat' dir='ltr'>altercando</span> <span class='ocrx_word' id='word_1_219' title='bbox 751 2406 933 2462; x_wconf 85' lang='lat' dir='ltr'>abrupta</span> <span class='ocrx_word' id='word_1_220' title='bbox 965 2410 1303 2460; x_wconf 86' lang='lat' dir='ltr'>persequuntur,</span> <span class='ocrx_word' id='word_1_221' title='bbox 1336 2405 1418 2444; x_wconf 90' lang='lat' dir='ltr'>sic:</span> 
     </span>
    </p>

    <p class='ocr_par' dir='ltr' id='par_1_5' title="bbox 476 2475 1641 2821">
     <span class='ocr_line' id='line_1_31' title="bbox 564 2475 1567 2537; baseline -0.005 -15"><span class='ocrx_word' id='word_1_222' title='bbox 564 2480 672 2522; x_wconf 83' lang='grc' dir='ltr'><em>Ἀντ.</em></span> <span class='ocrx_word' id='word_1_223' title='bbox 705 2479 800 2534; x_wconf 61' lang='grc' dir='ltr'>οὐκ,</span> <span class='ocrx_word' id='word_1_224' title='bbox 831 2479 874 2523; x_wconf 73' lang='grc' dir='ltr'>ἢν</span> <span class='ocrx_word' id='word_1_225' title='bbox 896 2480 1039 2537; x_wconf 71' lang='grc' dir='ltr'><em>πονηρά</em></span> <span class='ocrx_word' id='word_1_226' title='bbox 1061 2477 1096 2533; x_wconf 72' lang='grc' dir='ltr'>γ’</span> <span class='ocrx_word' id='word_1_227' title='bbox 1118 2475 1141 2533; x_wconf 70' lang='grc' dir='ltr'><em>ᾗ</em></span> <span class='ocrx_word' id='word_1_228' title='bbox 1162 2481 1290 2525; x_wconf 79' lang='grc' dir='ltr'><em>κακῶς</em></span> <span class='ocrx_word' id='word_1_229' title='bbox 1313 2476 1346 2518; x_wconf 80' lang='grc' dir='ltr'>τ’</span> <span class='ocrx_word' id='word_1_230' title='bbox 1367 2477 1537 2536; x_wconf 76' lang='grc' dir='ltr'><em>εἰρημένα</em></span> <span class='ocrx_word' id='word_1_231' title='bbox 1550 2511 1567 2530; x_wconf 73' lang='lat'>,</span> 
     </span>
     <span class='ocr_line' id='line_1_32' title="bbox 703 2547 1585 2609; baseline -0.006 -16"><span class='ocrx_word' id='word_1_232' title='bbox 703 2552 771 2593; x_wconf 73' lang='grc' dir='ltr'>οὐκ</span> <span class='ocrx_word' id='word_1_233' title='bbox 791 2554 934 2607; x_wconf 75' lang='grc' dir='ltr'><em>ἔννομον</em></span> <span class='ocrx_word' id='word_1_234' title='bbox 956 2551 1033 2609; x_wconf 74' lang='grc' dir='ltr'>γὰρ</span> <span class='ocrx_word' id='word_1_235' title='bbox 1054 2551 1120 2595; x_wconf 65' lang='grc' dir='ltr'>τὴν</span> <span class='ocrx_word' id='word_1_236' title='bbox 1141 2547 1247 2597; x_wconf 74' lang='grc' dir='ltr'><em>δίκην</em></span> <span class='ocrx_word' id='word_1_237' title='bbox 1272 2549 1500 2609; x_wconf 73' lang='grc' dir='ltr'><em>πράσσεσθέ</em></span> <span class='ocrx_word' id='word_1_238' title='bbox 1520 2563 1585 2589; x_wconf 87' lang='grc' dir='ltr'><em>νιν.</em></span> 
     </span>
     <span class='ocr_line' id='line_1_33' title="bbox 587 2620 1527 2683; baseline -0.003 -18"><span class='ocrx_word' id='word_1_239' title='bbox 587 2625 667 2683; x_wconf 79' lang='grc' dir='ltr'>Κρ.</span> <span class='ocrx_word' id='word_1_240' title='bbox 703 2623 740 2665; x_wconf 85' lang='grc' dir='ltr'>τί</span> <span class='ocrx_word' id='word_1_241' title='bbox 758 2622 815 2679; x_wconf 62' lang='lat'>3&#39;3</span> <span class='ocrx_word' id='word_1_242' title='bbox 848 2623 888 2664; x_wconf 73' lang='grc' dir='ltr'>οὐ</span> <span class='ocrx_word' id='word_1_243' title='bbox 910 2621 1061 2670; x_wconf 69' lang='grc' dir='ltr'><em>δικαίως</em></span> <span class='ocrx_word' id='word_1_244' title='bbox 1082 2622 1145 2662; x_wconf 71' lang='grc' dir='ltr'>ὅδε</span> <span class='ocrx_word' id='word_1_245' title='bbox 1165 2620 1271 2663; x_wconf 78' lang='grc' dir='ltr'><em>κυσὶν</em></span> <span class='ocrx_word' id='word_1_246' title='bbox 1292 2621 1499 2667; x_wconf 70' lang='grc' dir='ltr'><em>δοθήσεται</em></span> <span class='ocrx_word' id='word_1_247' title='bbox 1511 2655 1527 2675; x_wconf 72' lang='lat'>,</span> 
     </span>
     <span class='ocr_line' id='line_1_34' title="bbox 704 2691 1641 2753; baseline -0.004 -17"><span class='ocrx_word' id='word_1_248' title='bbox 704 2696 806 2752; x_wconf 78' lang='grc' dir='ltr'><em>εἴπερ</em></span> <span class='ocrx_word' id='word_1_249' title='bbox 825 2712 868 2752; x_wconf 72' lang='grc' dir='ltr'>γε</span> <span class='ocrx_word' id='word_1_250' title='bbox 888 2695 1027 2743; x_wconf 68' lang='grc' dir='ltr'><em>πόλεως</em></span> <span class='ocrx_word' id='word_1_251' title='bbox 1049 2694 1192 2753; x_wconf 79' lang='grc' dir='ltr'><em>ἐχθρὸς</em></span> <span class='ocrx_word' id='word_1_252' title='bbox 1213 2691 1256 2739; x_wconf 71' lang='grc' dir='ltr'>ἦν</span> <span class='ocrx_word' id='word_1_253' title='bbox 1268 2729 1283 2748; x_wconf 65' lang='grc'>,</span> <span class='ocrx_word' id='word_1_254' title='bbox 1315 2693 1381 2735; x_wconf 76' lang='grc' dir='ltr'>οὐκ</span> <span class='ocrx_word' id='word_1_255' title='bbox 1403 2691 1545 2751; x_wconf 80' lang='grc' dir='ltr'><em>ἐχθρὸς</em></span> <span class='ocrx_word' id='word_1_256' title='bbox 1564 2696 1641 2745; x_wconf 61' lang='lat'>(1322,-</span> 
     </span>
     <span class='ocr_line' id='line_1_35' title="bbox 476 2766 1220 2821; baseline 0 -16"><span class='ocrx_word' id='word_1_257' title='bbox 476 2766 545 2806; x_wconf 83' lang='lat' dir='ltr'>cff.</span> <span class='ocrx_word' id='word_1_258' title='bbox 577 2767 683 2807; x_wconf 78' lang='lat' dir='ltr'>infra</span> <span class='ocrx_word' id='word_1_259' title='bbox 714 2782 769 2809; x_wconf 85' lang='lat' dir='ltr'>vs.</span> <span class='ocrx_word' id='word_1_260' title='bbox 798 2768 905 2809; x_wconf 86' lang='lat'>1752</span> <span class='ocrx_word' id='word_1_261' title='bbox 930 2781 1027 2821; x_wconf 86' lang='lat' dir='ltr'>sqq.</span> <span class='ocrx_word' id='word_1_262' title='bbox 1059 2773 1097 2806; x_wconf 88' lang='lat' dir='ltr'>et</span> <span class='ocrx_word' id='word_1_263' title='bbox 1125 2766 1220 2806; x_wconf 84' lang='lat' dir='ltr'>alia.</span> 
     </span>
    </p>
   </div>
  </div>
 </body>
</html>
