2020 3326
417 235 498 277 128
811 228 1373 273 COMMENTARIUS.

409 385 511 412 vero
550 370 668 425 prius
707 369 866 407 factam
899 365 1083 404 reticuit.
1131 364 1239 404 Sunt
1275 370 1417 404 autem
1448 365 1651 405 Herodoti
1684 380 1776 407 ver-

411 442 489 481 ba.-
528 437 846 494 καταλαμβάνειν
878 436 949 484 τὰς
972 435 1188 495 διαφορὰς,
1220 434 1284 475 καὶ
1315 434 1428 477 παντὶ
1461 435 1608 491 μᾶλλον
1639 436 1662 481 ἢ
1695 441 1775 492 μα’-

413 528 522 569 χῃσι.
560 510 821 565 quibuscum
851 508 906 547 cf.
941 507 1129 546 eiusdem
1164 506 1257 548 VII.
1285 506 1354 546 50.
1384 506 1537 562 μέγαὶα
1565 512 1778 567 πρήγματα

409 583 609 640 μεγάλοισι
640 579 837 622 κινδύνοισι
858 578 979 620 ἐθέλει
1002 578 1292 637 καταιρέεσθαι.
1328 578 1444 619 Haec
1470 592 1570 619 vero
1597 579 1629 618 si
1653 579 1779 619 Eteo-

411 655 487 694 clis
516 652 652 694 verbis
680 651 958 698 adhibentur,
995 651 1079 690 exit
1107 649 1350 689 huiusmodi
1381 651 1608 690 sententia:
1643 649 1780 690 Omne

413 727 553 773 enim,
596 724 718 780 quod
731 722 919 778 ferrum
951 720 1123 777 efficere
1147 726 1319 775 potest,
1360 722 1503 769 ιὀἰίίί,
1541 721 1607 761 vel
1639 735 1779 778 expu-

407 802 522 852 gnat
549 810 718 835 sermo:
750 808 836 834 non
865 807 942 848 per
969 807 1010 833 se
1042 792 1179 841 mala,
1210 792 1282 832 sed
1312 791 1449 832 verbis
1484 792 1666 832 Eteoclis
1694 806 1781 832 non

411 868 508 907 satis
526 881 730 923 congrua.
758 866 950 921 Apparet
969 871 1110 905 autem
1126 877 1214 904 non
1231 862 1285 903 ab
1311 863 1507 903 omnibus
1526 863 1781 919 Euripideo-

412 953 507 979 rum
537 938 787 978 sententiam
815 936 965 976 eodem
992 935 1122 975 modo
1143 935 1344 990 intelligi:
1376 935 1445 974 alii
1470 935 1581 974 enim
1608 934 1781 994 δράσειεν

411 1011 469 1050 ita
508 1010 731 1065 accipiunt
768 1015 814 1048 ut
856 1007 970 1047 idern
1001 1007 1087 1046 fere
1118 1006 1168 1046 sit
1197 1006 1317 1061 quod
1346 1004 1507 1066 ἐξαιρῶ
1549 1006 1679 1047 veluti
1708 1006 1781 1047 Iu-

412 1081 550 1121 lianus
589 1097 634 1136 p.
666 1081 735 1123 73.
764 1079 804 1120 b.
842 1080 965 1122 ὁπόσα
1007 1077 1095 1120 οὐδὲ
1136 1076 1289 1138 σίδηρος
1330 1076 1466 1127 ἐξελεῖν
1498 1078 1669 1134 ἰσχύσειε
1715 1078 1783 1118 alii

415 1159 566 1193 contra
597 1151 728 1193 verbo
763 1151 909 1211 ἐξαιρεῖ
934 1150 1128 1191 tribuunt
1158 1149 1379 1204 quandam
1402 1149 1677 1205 perficiendi
1703 1162 1783 1204 po-

414 1231 629 1272 testatem,
673 1230 712 1263 et
742 1224 957 1263 Klotzius:
1006 1221 1161 1276 »quod
1200 1227 1260 1260 est
1301 1221 1568 1276 comparatio
1603 1219 1779 1275 (inquit)

414 1296 473 1335 rei
507 1295 746 1335 bellicaein
764 1294 827 1334 his
855 1294 1013 1342 verbis,
1048 1292 1191 1348 posuit
1220 1292 1444 1347 Euripides
1473 1292 1650 1333 verbum
1679 1291 1784 1342 ἐξαι-

417 1369 492 1426 ρεῖν
522 1366 602 1414 ibi,
638 1365 711 1405 ubi
739 1365 856 1405 aliud
885 1364 1079 1412 verbum,
1112 1363 1232 1418 quod
1255 1363 1474 1418 perficere
1503 1363 1782 1418 significaret,

419 1437 524 1493 poni
569 1437 780 1492 poterat.’‘
849 1436 901 1476 Hi
942 1436 1073 1490 igitur
1114 1435 1173 1473 sie
1216 1434 1573 1489 interpretantur:
1627 1433 1787 1474 Oratio

419 1510 571 1549 omnia
594 1514 744 1562 polest
771 1522 888 1564 quae
907 1506 1094 1561 ferrum
1124 1507 1425 1545 inimicorum.
1471 1506 1521 1545 Et
1552 1504 1660 1545 haec
1687 1506 1785 1560 qui-

417 1580 515 1620 dem
556 1580 761 1619 sententia
802 1579 971 1620 videtur
1006 1576 1228 1632 postulari.
1285 1577 1476 1616 Eteocles
1516 1576 1688 1616 fratrem
1726 1577 1786 1617 sic

416 1652 606 1692 incusat:
646 1668 661 1687 »
680 1664 769 1690 non
799 1649 1027 1705 oportebat
1054 1662 1150 1688 eum
1180 1648 1296 1687 litem
1325 1654 1513 1689 nostram
1546 1649 1670 1688 armis
1701 1655 1784 1688 sta-

419 1724 493 1763 tim
525 1722 721 1762 dirimere
753 1722 882 1763 velle:
926 1720 1078 1776 quidni
1110 1719 1253 1774 potius
1278 1719 1540 1774 paciscendo
1566 1719 1680 1759 idem
1708 1719 1785 1760 ob-

415 1795 548 1834 tinere
580 1792 876 1833 conatusvest?
905 1792 1009 1831 nihil
1042 1791 1151 1831 enim
1177 1791 1335 1830 ferrum
1362 1791 1515 1840 efficit,
1546 1790 1667 1845 quod
1703 1804 1788 1830 ser-

417 1879 488 1905 mo
521 1865 689 1905 efficere
728 1863 981 1918 nequeatl⁷’
1032 1862 1128 1902 Sive
1163 1861 1270 1901 haec
1302 1862 1361 1902 sic
1392 1862 1604 1917 scripserit
1629 1862 1787 1910 Poeta,

418 1937 503 1978 sive
538 1936 760 1984 consulto,
805 1935 1001 1990 profecto
1032 1934 1159 1974 stulta
1198 1933 1364 1973 suntin
1395 1946 1467 1973 ore
1501 1933 1589 1972 eius
1628 1933 1704 1988 qui
1734 1947 1789 1973 ne

417 2009 507 2064 ipse
535 2007 712 2062 quidem
740 2006 932 2062 inpacto
962 2005 1185 2045 iustissimo
1212 2004 1425 2044 manserit.
1456 2003 1541 2044 Sed
1567 2004 1626 2053 ei,
1656 2018 1788 2059 quam

418 2080 524 2127 dixi,
551 2078 784 2119 sententiae
805 2091 886 2118 nec
908 2077 1111 2117 satisfacit
1137 2074 1305 2136 ἐξαίρει,
1338 2089 1479 2130 neque
1509 2074 1663 2135 ἐξαιρεῖ.
1699 2075 1787 2115 Ita-

416 2165 502 2206 que
528 2165 551 2190 a
580 2163 678 2190 vero
704 2163 790 2189 non
821 2150 945 2204 longe
970 2148 1058 2188 abit
1086 2149 1298 2188 correctio
1319 2147 1530 2202 Burgesii‚
1574 2154 1653 2190 πᾶν
1686 2145 1786 2206 ἔρεξε

419 2223 498 2282 γὰρ
539 2221 648 2277 λόγος
662 2255 678 2276 ,
724 2220 908 2261 eundem
957 2219 1214 2259 conferentis
1259 2219 1404 2258 locum
1449 2218 1667 2273 Apollonii
1699 2217 1786 2259 Rh.

418 2293 498 2333 ΙΙΙ.
533 2291 614 2333 188
637 2307 700 2346 sq.
734 2305 824 2347 quo
858 2305 956 2332 usus
984 2297 1044 2331 est
1074 2290 1423 2332 Valckenaerius.
1460 2290 1590 2345 Magis
1615 2290 1788 2329 fortasse

415 2365 587 2419 placeat
618 2370 695 2406 πᾶν
728 2364 805 2423 γὰρ
840 2362 998 2422 ἐξαρκεῖ
1025 2362 1157 2418 λόγοςε
1203 2360 1440 2413 satisfacit
1480 2363 1598 2402 enim
1643 2374 1788 2400 sermo

419 2435 481 2475 ad
510 2449 636 2475 omne
667 2435 973 2490 quodcumque
993 2433 1181 2489 ferrum
1208 2435 1258 2472 in
1299 2432 1410 2472 bello
1430 2431 1595 2486 faeere
1619 2432 1786 2485 possit.

422 2505 621 2545 Similiter
661 2505 817 2546 chorus
843 2507 887 2546 in
917 2505 1074 2560 suppl.
1100 2504 1198 2544 511.
1232 2502 1444 2563 ἐξαρκέσας
1476 2499 1518 2547 ἦν
1552 2500 1646 2549 Ζεὺς
1677 2501 1695 2542 ὁ
1728 2517 1785 2543 τι-

417 2577 671 2635 μωρούμενοςε
702 2578 728 2617 i.
744 2591 781 2617 e.
810 2578 1025 2632 Iuppiter
1051 2573 1285 2629 satisfecit
1302 2575 1365 2615 acl
1387 2573 1646 2614 vindictam.
1681 2572 1787 2611 Pro-

419 2648 515 2702 pius
558 2648 684 2687 etiam
723 2649 892 2688 accedit
935 2647 1113 2702 simplex
1159 2646 1371 2705 αρκεῖν·ίη
1414 2643 1547 2697 Soph.
1582 2641 1657 2683 Αἱ.
1682 2641 1784 2683 439.

415 2716 498 2759 οὐδ’
530 2719 623 2777 ἔργα
656 2719 746 2774 μείω
780 2719 903 2777 χειρὸς
935 2719 1104 2776 αρκέσας
1140 2716 1249 2773 ἐμῆς.
1297 2715 1380 2757 Sed
1417 2713 1586 2756 videant
1619 2714 1785 2754 acutio-
