<?xml version="1.0" encoding="UTF-8"?>
<!DOCTYPE html PUBLIC "-//W3C//DTD XHTML 1.0 Transitional//EN"
    "http://www.w3.org/TR/xhtml1/DTD/xhtml1-transitional.dtd">
<html xmlns="http://www.w3.org/1999/xhtml" xml:lang="en" lang="en">
 <head>
  <title>
</title>
<meta http-equiv="Content-Type" content="text/html;charset=utf-8" />
  <meta name='ocr-system' content='tesseract 3.04.00' />
  <meta name='ocr-capabilities' content='ocr_page ocr_carea ocr_par ocr_line ocrx_word'/>
</head>
<body>
  <div class='ocr_page' id='page_1' title='image "./phoenissaecumcom00euriuoft_0103.png"; bbox 0 0 2020 3326; ppageno 0'>
   <div class='ocr_carea' id='block_1_1' title="bbox 649 249 1626 294">
    <p class='ocr_par' dir='ltr' id='par_1_1' title="bbox 649 249 1626 294">
     <span class='ocr_line' id='line_1_1' title="bbox 649 249 1626 294; baseline 0.004 -4"><span class='ocrx_word' id='word_1_1' title='bbox 649 249 1223 294; x_wconf 77' lang='lat' dir='ltr'><strong>COMMENTARIUS.</strong></span> <span class='ocrx_word' id='word_1_2' title='bbox 1569 252 1626 294; x_wconf 79' lang='lat'>83</span> 
     </span>
    </p>
   </div>
   <div class='ocr_carea' id='block_1_2' title="bbox 242 388 1625 2805">
    <p class='ocr_par' dir='ltr' id='par_1_2' title="bbox 242 388 1625 2589">
     <span class='ocr_line' id='line_1_2' title="bbox 245 388 1619 446; baseline 0 -15"><span class='ocrx_word' id='word_1_3' title='bbox 245 389 456 446; x_wconf 77' lang='lat' dir='ltr'>perdocta</span> <span class='ocrx_word' id='word_1_4' title='bbox 488 395 616 437; x_wconf 84' lang='lat' dir='ltr'>nota,</span> <span class='ocrx_word' id='word_1_5' title='bbox 651 389 803 444; x_wconf 82' lang='lat' dir='ltr'>quales</span> <span class='ocrx_word' id='word_1_6' title='bbox 838 388 968 429; x_wconf 90' lang='lat' dir='ltr'>hodie</span> <span class='ocrx_word' id='word_1_7' title='bbox 1007 403 1105 430; x_wconf 83' lang='lat' dir='ltr'>raro</span> <span class='ocrx_word' id='word_1_8' title='bbox 1135 389 1405 440; x_wconf 80' lang='lat' dir='ltr'>scribuntur,</span> <span class='ocrx_word' id='word_1_9' title='bbox 1440 390 1619 431; x_wconf 88' lang='lat' dir='ltr'><strong>demon-</strong></span> 
     </span>
     <span class='ocr_line' id='line_1_3' title="bbox 245 460 1618 522; baseline 0.001 -21"><span class='ocrx_word' id='word_1_10' title='bbox 245 462 391 503; x_wconf 85' lang='lat' dir='ltr'>stravit</span> <span class='ocrx_word' id='word_1_11' title='bbox 426 460 757 516; x_wconf 85' lang='lat' dir='ltr'><strong>praeferendum</strong></span> <span class='ocrx_word' id='word_1_12' title='bbox 790 460 924 502; x_wconf 84' lang='lat' dir='ltr'>videri</span> <span class='ocrx_word' id='word_1_13' title='bbox 965 462 1141 517; x_wconf 77' lang='lat' dir='ltr'>vulgato</span> <span class='ocrx_word' id='word_1_14' title='bbox 1169 463 1394 522; x_wconf 70' lang='grc' dir='ltr'>φύσαντας,</span> <span class='ocrx_word' id='word_1_15' title='bbox 1438 477 1519 504; x_wconf 87' lang='lat' dir='ltr'>nec</span> <span class='ocrx_word' id='word_1_16' title='bbox 1550 477 1618 503; x_wconf 85' lang='lat' dir='ltr'>re-</span> 
     </span>
     <span class='ocr_line' id='line_1_4' title="bbox 247 532 1618 591; baseline 0.002 -18"><span class='ocrx_word' id='word_1_17' title='bbox 247 534 362 588; x_wconf 81' lang='lat' dir='ltr'>cepit</span> <span class='ocrx_word' id='word_1_18' title='bbox 397 539 552 572; x_wconf 83' lang='lat' dir='ltr'>tamen.</span> <span class='ocrx_word' id='word_1_19' title='bbox 613 532 826 572; x_wconf 85' lang='lat' dir='ltr'>Porsonus</span> <span class='ocrx_word' id='word_1_20' title='bbox 857 532 1107 574; x_wconf 76' lang='lat' dir='ltr'>dubitabat:</span> <span class='ocrx_word' id='word_1_21' title='bbox 1147 535 1414 576; x_wconf 83' lang='lat' dir='ltr'>Hermannus</span> <span class='ocrx_word' id='word_1_22' title='bbox 1453 550 1618 591; x_wconf 83' lang='lat' dir='ltr'>»argu—</span> 
     </span>
     <span class='ocr_line' id='line_1_5' title="bbox 248 603 1619 659; baseline 0.001 -15"><span class='ocrx_word' id='word_1_23' title='bbox 248 605 331 645; x_wconf 88' lang='lat' dir='ltr'>tius</span> <span class='ocrx_word' id='word_1_24' title='bbox 360 603 536 659; x_wconf 85' lang='lat' dir='ltr'>(inquit)</span> <span class='ocrx_word' id='word_1_25' title='bbox 566 604 878 659; x_wconf 79' lang='lat' dir='ltr'><strong>praeferentem</strong></span> <span class='ocrx_word' id='word_1_26' title='bbox 898 604 1261 647; x_wconf 78' lang='lat' dir='ltr'>Valckenaerium</span> <span class='ocrx_word' id='word_1_27' title='bbox 1289 608 1490 649; x_wconf 76' lang='lat' dir='ltr'>refutavit</span> <span class='ocrx_word' id='word_1_28' title='bbox 1512 607 1619 647; x_wconf 88' lang='lat' dir='ltr'><strong>Por-</strong></span> 
     </span>
     <span class='ocr_line' id='line_1_6' title="bbox 245 674 1625 735; baseline 0.002 -20"><span class='ocrx_word' id='word_1_29' title='bbox 245 676 418 716; x_wconf 90' lang='lat' dir='ltr'>sonus.&#39;&#39;</span> <span class='ocrx_word' id='word_1_30' title='bbox 461 674 590 727; x_wconf 86' lang='lat' dir='ltr'>Quod</span> <span class='ocrx_word' id='word_1_31' title='bbox 618 675 781 715; x_wconf 83' lang='lat' dir='ltr'>factum</span> <span class='ocrx_word' id='word_1_32' title='bbox 810 689 897 715; x_wconf 88' lang='lat' dir='ltr'><strong>esse</strong></span> <span class='ocrx_word' id='word_1_33' title='bbox 919 689 1044 732; x_wconf 82' lang='lat' dir='ltr'><strong>nego.</strong></span> <span class='ocrx_word' id='word_1_34' title='bbox 1087 677 1283 719; x_wconf 88' lang='lat' dir='ltr'>Klotzius</span> <span class='ocrx_word' id='word_1_35' title='bbox 1311 679 1517 735; x_wconf 87' lang='lat' dir='ltr'>denique:</span> <span class='ocrx_word' id='word_1_36' title='bbox 1550 678 1625 718; x_wconf 90' lang='lat' dir='ltr'>»id</span> 
     </span>
     <span class='ocr_line' id='line_1_7' title="bbox 245 746 1625 802; baseline 0.003 -15"><span class='ocrx_word' id='word_1_37' title='bbox 245 760 332 787; x_wconf 91' lang='lat' dir='ltr'>non</span> <span class='ocrx_word' id='word_1_38' title='bbox 363 746 549 787; x_wconf 87' lang='lat' dir='ltr'>debebat</span> <span class='ocrx_word' id='word_1_39' title='bbox 581 747 769 802; x_wconf 80' lang='lat' dir='ltr'>arripere</span> <span class='ocrx_word' id='word_1_40' title='bbox 801 747 1168 798; x_wconf 79' lang='lat' dir='ltr'>Valckenarius,”</span> <span class='ocrx_word' id='word_1_41' title='bbox 1200 756 1290 790; x_wconf 90' lang='lat' dir='ltr'>tum</span> <span class='ocrx_word' id='word_1_42' title='bbox 1321 751 1529 791; x_wconf 85' lang='lat' dir='ltr'>nonnulla</span> <span class='ocrx_word' id='word_1_43' title='bbox 1566 756 1625 790; x_wconf 90' lang='lat' dir='ltr'>at-</span> 
     </span>
     <span class='ocr_line' id='line_1_8' title="bbox 246 817 1620 876; baseline 0.004 -18"><span class='ocrx_word' id='word_1_44' title='bbox 246 818 341 858; x_wconf 92' lang='lat' dir='ltr'>tulit</span> <span class='ocrx_word' id='word_1_45' title='bbox 374 818 427 857; x_wconf 92' lang='lat' dir='ltr'>de</span> <span class='ocrx_word' id='word_1_46' title='bbox 457 817 539 858; x_wconf 86' lang='lat' dir='ltr'>hac</span> <span class='ocrx_word' id='word_1_47' title='bbox 571 818 852 873; x_wconf 74' lang='lat' dir='ltr'>quaestione,</span> <span class='ocrx_word' id='word_1_48' title='bbox 897 819 953 859; x_wconf 90' lang='lat' dir='ltr'>ita</span> <span class='ocrx_word' id='word_1_49' title='bbox 986 826 1032 859; x_wconf 91' lang='lat' dir='ltr'>ut</span> <span class='ocrx_word' id='word_1_50' title='bbox 1062 821 1209 876; x_wconf 85' lang='lat' dir='ltr'>palam</span> <span class='ocrx_word' id='word_1_51' title='bbox 1253 822 1304 861; x_wconf 89' lang='lat' dir='ltr'>sit</span> <span class='ocrx_word' id='word_1_52' title='bbox 1342 836 1440 863; x_wconf 92' lang='lat' dir='ltr'>eum</span> <span class='ocrx_word' id='word_1_53' title='bbox 1469 836 1522 863; x_wconf 88' lang='lat' dir='ltr'>ne</span> <span class='ocrx_word' id='word_1_54' title='bbox 1555 822 1620 863; x_wconf 88' lang='lat' dir='ltr'>in-</span> 
     </span>
     <span class='ocr_line' id='line_1_9' title="bbox 245 890 1619 947; baseline 0.003 -17"><span class='ocrx_word' id='word_1_55' title='bbox 245 890 427 944; x_wconf 83' lang='lat' dir='ltr'><strong>spexisse</strong></span> <span class='ocrx_word' id='word_1_56' title='bbox 457 890 635 944; x_wconf 81' lang='lat' dir='ltr'>quidem</span> <span class='ocrx_word' id='word_1_57' title='bbox 667 890 1066 931; x_wconf 85' lang='lat' dir='ltr'>Valckenaeriana:</span> <span class='ocrx_word' id='word_1_58' title='bbox 1100 893 1223 947; x_wconf 89' lang='lat' dir='ltr'>quod</span> <span class='ocrx_word' id='word_1_59' title='bbox 1254 893 1286 933; x_wconf 89' lang='lat' dir='ltr'>si</span> <span class='ocrx_word' id='word_1_60' title='bbox 1316 894 1506 943; x_wconf 83' lang='lat' dir='ltr'>fecisset,</span> <span class='ocrx_word' id='word_1_61' title='bbox 1552 893 1619 933; x_wconf 91' lang='lat' dir='ltr'>di-</span> 
     </span>
     <span class='ocr_line' id='line_1_10' title="bbox 246 960 1618 1021; baseline 0.004 -21"><span class='ocrx_word' id='word_1_62' title='bbox 246 961 413 1001; x_wconf 81' lang='lat' dir='ltr'>dicisset</span> <span class='ocrx_word' id='word_1_63' title='bbox 432 961 599 1002; x_wconf 83' lang='lat' dir='ltr'>scivisse</span> <span class='ocrx_word' id='word_1_64' title='bbox 628 974 725 1001; x_wconf 88' lang='lat' dir='ltr'>eum</span> <span class='ocrx_word' id='word_1_65' title='bbox 753 960 917 1016; x_wconf 84' lang='lat' dir='ltr'>(qualia</span> <span class='ocrx_word' id='word_1_66' title='bbox 948 976 1153 1018; x_wconf 85' lang='lat' dir='ltr'>magnum</span> <span class='ocrx_word' id='word_1_67' title='bbox 1184 965 1322 1005; x_wconf 85' lang='lat' dir='ltr'>virum</span> <span class='ocrx_word' id='word_1_68' title='bbox 1351 979 1449 1006; x_wconf 83' lang='lat' dir='ltr'>raro</span> <span class='ocrx_word' id='word_1_69' title='bbox 1479 965 1618 1021; x_wconf 82' lang='lat' dir='ltr'>fugie-</span> 
     </span>
     <span class='ocr_line' id='line_1_11' title="bbox 246 1031 1619 1092; baseline 0.003 -20"><span class='ocrx_word' id='word_1_70' title='bbox 246 1032 398 1086; x_wconf 84' lang='lat' dir='ltr'>bant),</span> <span class='ocrx_word' id='word_1_71' title='bbox 430 1031 484 1071; x_wconf 80' lang='lat' dir='ltr'>ab</span> <span class='ocrx_word' id='word_1_72' title='bbox 511 1031 730 1086; x_wconf 79' lang='lat' dir='ltr'>Sophocle</span> <span class='ocrx_word' id='word_1_73' title='bbox 763 1038 803 1071; x_wconf 89' lang='lat' dir='ltr'><strong>et</strong></span> <span class='ocrx_word' id='word_1_74' title='bbox 831 1033 922 1073; x_wconf 86' lang='lat' dir='ltr'>aliis</span> <span class='ocrx_word' id='word_1_75' title='bbox 944 1040 1168 1088; x_wconf 73' lang='lat' dir='ltr'><strong>parentes</strong></span> <span class='ocrx_word' id='word_1_76' title='bbox 1192 1049 1523 1092; x_wconf 82' lang='lat' dir='ltr'>nonnumquam</span> <span class='ocrx_word' id='word_1_77' title='bbox 1547 1050 1619 1078; x_wconf 91' lang='lat' dir='ltr'>vo-</span> 
     </span>
     <span class='ocr_line' id='line_1_12' title="bbox 247 1102 1621 1164; baseline 0.004 -22"><span class='ocrx_word' id='word_1_78' title='bbox 247 1104 335 1143; x_wconf 88' lang='lat' dir='ltr'>cari</span> <span class='ocrx_word' id='word_1_79' title='bbox 379 1104 411 1143; x_wconf 85' lang='grc' dir='ltr'>οἱ</span> <span class='ocrx_word' id='word_1_80' title='bbox 444 1103 657 1162; x_wconf 71' lang='grc' dir='ltr'>φύσαντες,</span> <span class='ocrx_word' id='word_1_81' title='bbox 713 1102 767 1142; x_wconf 87' lang='lat' dir='ltr'>ab</span> <span class='ocrx_word' id='word_1_82' title='bbox 814 1103 1019 1158; x_wconf 83' lang='lat' dir='ltr'>Euripide</span> <span class='ocrx_word' id='word_1_83' title='bbox 1063 1119 1164 1146; x_wconf 80' lang='lat' dir='ltr'><strong>vero</strong></span> <span class='ocrx_word' id='word_1_84' title='bbox 1210 1120 1376 1162; x_wconf 81' lang='lat' dir='ltr'><strong>semper</strong></span> <span class='ocrx_word' id='word_1_85' title='bbox 1421 1108 1621 1164; x_wconf 85' lang='lat' dir='ltr'>usurpari</span> 
     </span>
     <span class='ocr_line' id='line_1_13' title="bbox 245 1174 1623 1231; baseline 0.001 -14"><span class='ocrx_word' id='word_1_86' title='bbox 245 1176 277 1216; x_wconf 78' lang='grc' dir='ltr'>οἱ</span> <span class='ocrx_word' id='word_1_87' title='bbox 312 1176 479 1223; x_wconf 79' lang='grc' dir='ltr'>τεκόντες</span> <span class='ocrx_word' id='word_1_88' title='bbox 525 1174 814 1224; x_wconf 84' lang='lat' dir='ltr'><strong>contendere,</strong></span> <span class='ocrx_word' id='word_1_89' title='bbox 870 1175 1017 1216; x_wconf 83' lang='lat' dir='ltr'>addita</span> <span class='ocrx_word' id='word_1_90' title='bbox 1059 1178 1251 1231; x_wconf 85' lang='lat' dir='ltr'>speciosa</span> <span class='ocrx_word' id='word_1_91' title='bbox 1295 1179 1460 1218; x_wconf 85' lang='lat' dir='ltr'>ratione</span> <span class='ocrx_word' id='word_1_92' title='bbox 1496 1179 1623 1219; x_wconf 87' lang='lat' dir='ltr'>huius</span> 
     </span>
     <span class='ocr_line' id='line_1_14' title="bbox 246 1245 1620 1304; baseline 0.002 -17"><span class='ocrx_word' id='word_1_93' title='bbox 246 1261 344 1287; x_wconf 90' lang='lat' dir='ltr'>usus</span> <span class='ocrx_word' id='word_1_94' title='bbox 374 1245 607 1301; x_wconf 83' lang='lat' dir='ltr'>Euripidei.</span> <span class='ocrx_word' id='word_1_95' title='bbox 644 1246 694 1285; x_wconf 89' lang='lat' dir='ltr'>Et</span> <span class='ocrx_word' id='word_1_96' title='bbox 721 1259 877 1301; x_wconf 84' lang='lat' dir='ltr'>magna</span> <span class='ocrx_word' id='word_1_97' title='bbox 906 1247 1084 1301; x_wconf 85' lang='lat' dir='ltr'>quidem</span> <span class='ocrx_word' id='word_1_98' title='bbox 1116 1249 1243 1302; x_wconf 82' lang='lat' dir='ltr'>eopia</span> <span class='ocrx_word' id='word_1_99' title='bbox 1272 1250 1566 1304; x_wconf 83' lang='lat' dir='ltr'><strong>exemplorum</strong></span> <span class='ocrx_word' id='word_1_100' title='bbox 1595 1265 1620 1290; x_wconf 86' lang='lat' dir='ltr'>a</span> 
     </span>
     <span class='ocr_line' id='line_1_15' title="bbox 245 1316 1622 1377; baseline 0.001 -18"><span class='ocrx_word' id='word_1_101' title='bbox 245 1317 560 1360; x_wconf 81' lang='lat' dir='ltr'><strong>Valckenaerio</strong></span> <span class='ocrx_word' id='word_1_102' title='bbox 606 1316 832 1370; x_wconf 76' lang='lat' dir='ltr'><strong>depromta</strong></span> <span class='ocrx_word' id='word_1_103' title='bbox 876 1323 962 1367; x_wconf 84' lang='lat' dir='ltr'>est,</span> <span class='ocrx_word' id='word_1_104' title='bbox 1011 1319 1171 1373; x_wconf 90' lang='lat' dir='ltr'>quibus</span> <span class='ocrx_word' id='word_1_105' title='bbox 1210 1320 1336 1375; x_wconf 83' lang='lat' dir='ltr'>plura</span> <span class='ocrx_word' id='word_1_106' title='bbox 1380 1321 1481 1361; x_wconf 85' lang='lat' dir='ltr'>addi</span> <span class='ocrx_word' id='word_1_107' title='bbox 1519 1335 1622 1377; x_wconf 86' lang='lat' dir='ltr'>pos-</span> 
     </span>
     <span class='ocr_line' id='line_1_16' title="bbox 244 1388 1621 1444; baseline 0.002 -14"><span class='ocrx_word' id='word_1_108' title='bbox 244 1396 362 1439; x_wconf 80' lang='lat' dir='ltr'>sunt3</span> <span class='ocrx_word' id='word_1_109' title='bbox 410 1402 523 1444; x_wconf 89' lang='lat' dir='ltr'>quae</span> <span class='ocrx_word' id='word_1_110' title='bbox 563 1388 780 1428; x_wconf 82' lang='lat' dir='ltr'>contraria</span> <span class='ocrx_word' id='word_1_111' title='bbox 823 1395 920 1429; x_wconf 87' lang='lat' dir='ltr'>sunt</span> <span class='ocrx_word' id='word_1_112' title='bbox 966 1389 1127 1440; x_wconf 83' lang='lat' dir='ltr'><strong>eidem,</strong></span> <span class='ocrx_word' id='word_1_113' title='bbox 1169 1390 1406 1432; x_wconf 86' lang='lat' dir='ltr'>afferuntur</span> <span class='ocrx_word' id='word_1_114' title='bbox 1446 1393 1548 1433; x_wconf 84' lang='lat' dir='ltr'>tria:</span> <span class='ocrx_word' id='word_1_115' title='bbox 1596 1407 1621 1434; x_wconf 91' lang='lat' dir='ltr'>a</span> 
     </span>
     <span class='ocr_line' id='line_1_17' title="bbox 243 1459 1622 1511; baseline 0.003 -10"><span class='ocrx_word' id='word_1_116' title='bbox 243 1461 432 1501; x_wconf 82' lang='lat' dir='ltr'><strong>Porsono</strong></span> <span class='ocrx_word' id='word_1_117' title='bbox 465 1459 574 1500; x_wconf 82' lang='lat' dir='ltr'><strong>haee</strong></span> <span class='ocrx_word' id='word_1_118' title='bbox 605 1459 716 1511; x_wconf 79' lang='lat' dir='ltr'>du03</span> <span class='ocrx_word' id='word_1_119' title='bbox 751 1459 932 1510; x_wconf 71' lang='lat' dir='ltr'><strong>Medea,</strong></span> <span class='ocrx_word' id='word_1_120' title='bbox 964 1460 1091 1502; x_wconf 86' lang='grc'><strong>1059.</strong></span> <span class='ocrx_word' id='word_1_121' title='bbox 1122 1462 1196 1503; x_wconf 88' lang='lat' dir='ltr'>ubi</span> <span class='ocrx_word' id='word_1_122' title='bbox 1224 1463 1372 1504; x_wconf 83' lang='lat' dir='ltr'><strong>Medea</strong></span> <span class='ocrx_word' id='word_1_123' title='bbox 1403 1464 1457 1504; x_wconf 89' lang='lat' dir='ltr'>de</span> <span class='ocrx_word' id='word_1_124' title='bbox 1483 1478 1524 1504; x_wconf 93' lang='lat' dir='ltr'>se</span> <span class='ocrx_word' id='word_1_125' title='bbox 1553 1478 1622 1505; x_wconf 93' lang='lat' dir='ltr'>so-</span> 
     </span>
     <span class='ocr_line' id='line_1_18' title="bbox 244 1531 1622 1591; baseline 0.003 -19"><span class='ocrx_word' id='word_1_126' title='bbox 244 1534 309 1573; x_wconf 89' lang='lat' dir='ltr'>la:</span> <span class='ocrx_word' id='word_1_127' title='bbox 342 1531 603 1591; x_wconf 73' lang='grc' dir='ltr'>ἐξεφύσαμεν,</span> <span class='ocrx_word' id='word_1_128' title='bbox 636 1531 759 1586; x_wconf 87' lang='lat' dir='ltr'>quod</span> <span class='ocrx_word' id='word_1_129' title='bbox 785 1545 873 1572; x_wconf 91' lang='lat' dir='ltr'>non</span> <span class='ocrx_word' id='word_1_130' title='bbox 898 1532 1050 1573; x_wconf 88' lang='lat' dir='ltr'>dubito</span> <span class='ocrx_word' id='word_1_131' title='bbox 1079 1534 1187 1589; x_wconf 87' lang='lat' dir='ltr'>quin</span> <span class='ocrx_word' id='word_1_132' title='bbox 1211 1534 1264 1575; x_wconf 91' lang='lat' dir='ltr'>de</span> <span class='ocrx_word' id='word_1_133' title='bbox 1282 1535 1491 1576; x_wconf 86' lang='lat' dir='ltr'>industria</span> <span class='ocrx_word' id='word_1_134' title='bbox 1514 1536 1622 1576; x_wconf 91' lang='lat' dir='ltr'><strong>Poe-</strong></span> 
     </span>
     <span class='ocr_line' id='line_1_19' title="bbox 244 1603 1623 1663; baseline 0.002 -18"><span class='ocrx_word' id='word_1_135' title='bbox 244 1611 285 1645; x_wconf 90' lang='lat' dir='ltr'>ta</span> <span class='ocrx_word' id='word_1_136' title='bbox 318 1604 513 1645; x_wconf 85' lang='lat' dir='ltr'>tribuerit</span> <span class='ocrx_word' id='word_1_137' title='bbox 537 1603 704 1644; x_wconf 85' lang='lat' dir='ltr'>mulieri</span> <span class='ocrx_word' id='word_1_138' title='bbox 725 1604 1025 1659; x_wconf 84' lang='lat' dir='ltr'>magnanimae</span> <span class='ocrx_word' id='word_1_139' title='bbox 1055 1611 1095 1645; x_wconf 92' lang='lat' dir='ltr'>et</span> <span class='ocrx_word' id='word_1_140' title='bbox 1123 1606 1347 1661; x_wconf 85' lang='lat' dir='ltr'><strong>superbae.</strong></span> <span class='ocrx_word' id='word_1_141' title='bbox 1376 1607 1542 1663; x_wconf 86' lang='lat' dir='ltr'><strong>Fragm.</strong></span> <span class='ocrx_word' id='word_1_142' title='bbox 1571 1621 1623 1648; x_wconf 85' lang='lat' dir='ltr'>ex</span> 
     </span>
     <span class='ocr_line' id='line_1_20' title="bbox 244 1674 1620 1739; baseline 0.003 -22"><span class='ocrx_word' id='word_1_143' title='bbox 244 1677 418 1725; x_wconf 79' lang='lat' dir='ltr'><strong>Inone,</strong></span> <span class='ocrx_word' id='word_1_144' title='bbox 455 1675 576 1732; x_wconf 84' lang='lat' dir='ltr'>apud</span> <span class='ocrx_word' id='word_1_145' title='bbox 612 1674 732 1715; x_wconf 88' lang='lat' dir='ltr'>Stob.</span> <span class='ocrx_word' id='word_1_146' title='bbox 759 1675 1004 1718; x_wconf 87' lang='lat' dir='ltr'>XXXVIII.</span> <span class='ocrx_word' id='word_1_147' title='bbox 1039 1676 1204 1732; x_wconf 74' lang='lat' dir='ltr'>p.140.</span> <span class='ocrx_word' id='word_1_148' title='bbox 1240 1678 1295 1726; x_wconf 82' lang='grc' dir='ltr'>τίς</span> <span class='ocrx_word' id='word_1_149' title='bbox 1329 1676 1409 1737; x_wconf 71' lang='grc' dir='ltr'>ἆρα</span> <span class='ocrx_word' id='word_1_150' title='bbox 1440 1683 1564 1739; x_wconf 74' lang='grc' dir='ltr'>μήτηρ</span> <span class='ocrx_word' id='word_1_151' title='bbox 1596 1680 1620 1725; x_wconf 72' lang='grc' dir='ltr'>ἢ</span> 
     </span>
     <span class='ocr_line' id='line_1_21' title="bbox 244 1747 1624 1808; baseline 0.001 -17"><span class='ocrx_word' id='word_1_152' title='bbox 244 1750 372 1808; x_wconf 55' lang='grc' dir='ltr'>πατὴρ</span> <span class='ocrx_word' id='word_1_153' title='bbox 403 1747 520 1790; x_wconf 78' lang='grc' dir='ltr'>κακὸν</span> <span class='ocrx_word' id='word_1_154' title='bbox 560 1749 661 1804; x_wconf 78' lang='grc' dir='ltr'>μέγα</span> <span class='ocrx_word' id='word_1_155' title='bbox 694 1747 849 1807; x_wconf 81' lang='grc' dir='ltr'><em>Βροτοῖς</em></span> <span class='ocrx_word' id='word_1_156' title='bbox 880 1749 992 1807; x_wconf 80' lang='grc' dir='ltr'>ἔφυσε</span> <span class='ocrx_word' id='word_1_157' title='bbox 1004 1783 1021 1804; x_wconf 71' lang='lat'><em>,</em></span> <span class='ocrx_word' id='word_1_158' title='bbox 1065 1749 1188 1789; x_wconf 85' lang='lat' dir='ltr'>cuius</span> <span class='ocrx_word' id='word_1_159' title='bbox 1220 1751 1402 1806; x_wconf 81' lang='lat' dir='ltr'><strong>exempli</strong></span> <span class='ocrx_word' id='word_1_160' title='bbox 1433 1752 1624 1792; x_wconf 84' lang='lat' dir='ltr'>auetori-</span> 
     </span>
     <span class='ocr_line' id='line_1_22' title="bbox 243 1819 1621 1881; baseline 0.001 -20"><span class='ocrx_word' id='word_1_161' title='bbox 243 1828 306 1861; x_wconf 86' lang='lat' dir='ltr'>tas</span> <span class='ocrx_word' id='word_1_162' title='bbox 338 1834 388 1861; x_wconf 94' lang='lat' dir='ltr'>eo</span> <span class='ocrx_word' id='word_1_163' title='bbox 428 1820 659 1868; x_wconf 84' lang='lat' dir='ltr'>minuitur,</span> <span class='ocrx_word' id='word_1_164' title='bbox 704 1819 827 1875; x_wconf 85' lang='lat' dir='ltr'>quod</span> <span class='ocrx_word' id='word_1_165' title='bbox 855 1820 899 1860; x_wconf 88' lang='lat' dir='ltr'>in</span> <span class='ocrx_word' id='word_1_166' title='bbox 935 1819 1019 1860; x_wconf 87' lang='lat' dir='ltr'><strong>hae</strong></span> <span class='ocrx_word' id='word_1_167' title='bbox 1056 1822 1377 1862; x_wconf 81' lang='lat' dir='ltr'>constructione</span> <span class='ocrx_word' id='word_1_168' title='bbox 1413 1827 1541 1881; x_wconf 73' lang='grc' dir='ltr'>πατήρ</span> <span class='ocrx_word' id='word_1_169' title='bbox 1578 1828 1621 1863; x_wconf 81' lang='lat' dir='ltr'><strong>et</strong></span> 
     </span>
     <span class='ocr_line' id='line_1_23' title="bbox 242 1891 1623 1952; baseline -0.001 -18"><span class='ocrx_word' id='word_1_170' title='bbox 242 1895 353 1952; x_wconf 83' lang='grc' dir='ltr'>ἔφυσε</span> <span class='ocrx_word' id='word_1_171' title='bbox 377 1892 535 1933; x_wconf 82' lang='lat' dir='ltr'>arctius</span> <span class='ocrx_word' id='word_1_172' title='bbox 565 1891 712 1932; x_wconf 86' lang='lat' dir='ltr'>iuncta</span> <span class='ocrx_word' id='word_1_173' title='bbox 743 1897 855 1931; x_wconf 88' lang='lat' dir='ltr'>sunt.</span> <span class='ocrx_word' id='word_1_174' title='bbox 896 1891 1084 1932; x_wconf 84' lang='lat' dir='ltr'>Tertium</span> <span class='ocrx_word' id='word_1_175' title='bbox 1116 1892 1315 1934; x_wconf 87' lang='lat' dir='ltr'>admovet</span> <span class='ocrx_word' id='word_1_176' title='bbox 1345 1894 1541 1933; x_wconf 87' lang='lat' dir='ltr'>Klotzius</span> <span class='ocrx_word' id='word_1_177' title='bbox 1571 1907 1623 1933; x_wconf 83' lang='lat' dir='ltr'>ex</span> 
     </span>
     <span class='ocr_line' id='line_1_24' title="bbox 245 1961 1621 2024; baseline 0.001 -20"><span class='ocrx_word' id='word_1_178' title='bbox 245 1965 374 2004; x_wconf 84' lang='lat' dir='ltr'><strong>Ione.</strong></span> <span class='ocrx_word' id='word_1_179' title='bbox 408 1962 531 2003; x_wconf 84' lang='lat'>1580.</span> <span class='ocrx_word' id='word_1_180' title='bbox 563 1963 615 2010; x_wconf 75' lang='grc' dir='ltr'>ὣς</span> <span class='ocrx_word' id='word_1_181' title='bbox 647 1961 717 2007; x_wconf 67' lang='grc' dir='ltr'>ἥδε</span> <span class='ocrx_word' id='word_1_182' title='bbox 741 1963 855 2004; x_wconf 80' lang='grc' dir='ltr'><em>τίκτει</em></span> <span class='ocrx_word' id='word_1_183' title='bbox 877 1963 912 2003; x_wconf 86' lang='grc' dir='ltr'>σ’</span> <span class='ocrx_word' id='word_1_184' title='bbox 937 1961 978 2013; x_wconf 76' lang='grc' dir='ltr'>εξ</span> <span class='ocrx_word' id='word_1_185' title='bbox 1002 1962 1240 2012; x_wconf 72' lang='grc' dir='ltr'>Ἀπόλλωνος</span> <span class='ocrx_word' id='word_1_186' title='bbox 1274 1965 1438 2024; x_wconf 69' lang='grc' dir='ltr'>πατρὸς,</span> <span class='ocrx_word' id='word_1_187' title='bbox 1474 1964 1621 2006; x_wconf 51' lang='lat' dir='ltr'>Aemo-2</span> 
     </span>
     <span class='ocr_line' id='line_1_25' title="bbox 249 2033 1623 2093; baseline 0.001 -17"><span class='ocrx_word' id='word_1_188' title='bbox 249 2034 286 2077; x_wconf 72' lang='grc' dir='ltr'>δ’</span> <span class='ocrx_word' id='word_1_189' title='bbox 319 2033 370 2083; x_wconf 79' lang='grc' dir='ltr'>οἷς</span> <span class='ocrx_word' id='word_1_190' title='bbox 401 2035 567 2089; x_wconf 67' lang='grc' dir='ltr'>ἔδωκεν,</span> <span class='ocrx_word' id='word_1_191' title='bbox 599 2034 641 2076; x_wconf 75' lang='grc' dir='ltr'>οὐ</span> <span class='ocrx_word' id='word_1_192' title='bbox 673 2035 823 2093; x_wconf 82' lang='grc' dir='ltr'>φύσασί</span> <span class='ocrx_word' id='word_1_193' title='bbox 849 2051 911 2090; x_wconf 72' lang='grc' dir='ltr'>σε,</span> <span class='ocrx_word' id='word_1_194' title='bbox 943 2034 1028 2075; x_wconf 85' lang='lat' dir='ltr'>hoc</span> <span class='ocrx_word' id='word_1_195' title='bbox 1057 2036 1220 2076; x_wconf 87' lang='lat' dir='ltr'>addens</span> <span class='ocrx_word' id='word_1_196' title='bbox 1249 2051 1378 2077; x_wconf 78' lang='lat' dir='ltr'>»nam</span> <span class='ocrx_word' id='word_1_197' title='bbox 1406 2037 1529 2091; x_wconf 90' lang='lat' dir='ltr'>quod</span> <span class='ocrx_word' id='word_1_198' title='bbox 1555 2038 1623 2077; x_wconf 89' lang='lat' dir='ltr'>di-</span> 
     </span>
     <span class='ocr_line' id='line_1_26' title="bbox 246 2105 1622 2161; baseline 0.001 -14"><span class='ocrx_word' id='word_1_199' title='bbox 246 2107 286 2147; x_wconf 86' lang='lat' dir='ltr'>ei</span> <span class='ocrx_word' id='word_1_200' title='bbox 314 2107 456 2161; x_wconf 88' lang='lat' dir='ltr'>potuit</span> <span class='ocrx_word' id='word_1_201' title='bbox 484 2106 704 2161; x_wconf 82' lang='lat' dir='ltr'>negative,</span> <span class='ocrx_word' id='word_1_202' title='bbox 736 2105 879 2160; x_wconf 81' lang='lat' dir='ltr'>potuit</span> <span class='ocrx_word' id='word_1_203' title='bbox 907 2106 1034 2146; x_wconf 86' lang='lat' dir='ltr'>etiarn</span> <span class='ocrx_word' id='word_1_204' title='bbox 1067 2107 1364 2149; x_wconf 80' lang='lat' dir='ltr'>affirmative.’&#39;</span> <span class='ocrx_word' id='word_1_205' title='bbox 1405 2108 1509 2160; x_wconf 86' lang='lat' dir='ltr'>Quis</span> <span class='ocrx_word' id='word_1_206' title='bbox 1539 2108 1622 2149; x_wconf 88' lang='lat' dir='ltr'>du-</span> 
     </span>
     <span class='ocr_line' id='line_1_27' title="bbox 245 2175 1623 2233; baseline 0.002 -16"><span class='ocrx_word' id='word_1_207' title='bbox 245 2177 387 2218; x_wconf 78' lang='lat' dir='ltr'>bitat?</span> <span class='ocrx_word' id='word_1_208' title='bbox 417 2176 491 2217; x_wconf 89' lang='lat' dir='ltr'>sed</span> <span class='ocrx_word' id='word_1_209' title='bbox 520 2176 716 2216; x_wconf 89' lang='lat' dir='ltr'>Klotzius</span> <span class='ocrx_word' id='word_1_210' title='bbox 746 2175 932 2217; x_wconf 89' lang='lat' dir='ltr'>debebat</span> <span class='ocrx_word' id='word_1_211' title='bbox 962 2177 1220 2233; x_wconf 63' lang='lat' dir='ltr'><strong>intellegere</strong></span> <span class='ocrx_word' id='word_1_212' title='bbox 1251 2178 1406 2228; x_wconf 82' lang='lat' dir='ltr'><strong>verba,</strong></span> <span class='ocrx_word' id='word_1_213' title='bbox 1443 2186 1483 2219; x_wconf 90' lang='lat' dir='ltr'>et</span> <span class='ocrx_word' id='word_1_214' title='bbox 1516 2193 1623 2220; x_wconf 86' lang='lat' dir='ltr'><strong>eon-</strong></span> 
     </span>
     <span class='ocr_line' id='line_1_28' title="bbox 244 2245 1618 2306; baseline 0.003 -18"><span class='ocrx_word' id='word_1_215' title='bbox 244 2249 353 2288; x_wconf 84' lang='lat' dir='ltr'><strong>ferre</strong></span> <span class='ocrx_word' id='word_1_216' title='bbox 379 2262 436 2289; x_wconf 90' lang='lat' dir='ltr'>vs.</span> <span class='ocrx_word' id='word_1_217' title='bbox 455 2246 512 2287; x_wconf 87' lang='grc'>69</span> <span class='ocrx_word' id='word_1_218' title='bbox 524 2261 621 2302; x_wconf 86' lang='lat' dir='ltr'><strong>sqq.</strong></span> <span class='ocrx_word' id='word_1_219' title='bbox 647 2245 764 2288; x_wconf 71' lang='grc' dir='ltr'>δώσει</span> <span class='ocrx_word' id='word_1_220' title='bbox 784 2247 863 2306; x_wconf 77' lang='grc' dir='ltr'>γὰρ</span> <span class='ocrx_word' id='word_1_221' title='bbox 883 2272 941 2277; x_wconf 85' lang='grc'><strong>-</strong></span> <span class='ocrx_word' id='word_1_222' title='bbox 963 2246 1106 2306; x_wconf 61' lang='grc' dir='ltr'>Ξούθῳ</span> <span class='ocrx_word' id='word_1_223' title='bbox 1137 2248 1200 2290; x_wconf 80' lang='grc' dir='ltr'>τὸν</span> <span class='ocrx_word' id='word_1_224' title='bbox 1232 2248 1348 2291; x_wconf 73' lang='grc' dir='ltr'>αὑτοῦ</span> <span class='ocrx_word' id='word_1_225' title='bbox 1372 2249 1519 2306; x_wconf 63' lang='grc' dir='ltr'>παῖδα,</span> <span class='ocrx_word' id='word_1_226' title='bbox 1552 2250 1618 2292; x_wconf 83' lang='grc' dir='ltr'>καὶ</span> 
     </span>
     <span class='ocr_line' id='line_1_29' title="bbox 246 2319 1623 2379; baseline 0.002 -18"><span class='ocrx_word' id='word_1_227' title='bbox 246 2320 444 2379; x_wconf 70' lang='grc' dir='ltr'>πεφυκέναι</span> <span class='ocrx_word' id='word_1_228' title='bbox 475 2319 592 2360; x_wconf 76' lang='grc' dir='ltr'>κείνου</span> <span class='ocrx_word' id='word_1_229' title='bbox 623 2334 691 2378; x_wconf 87' lang='grc' dir='ltr'>σφε</span> <span class='ocrx_word' id='word_1_230' title='bbox 724 2323 846 2378; x_wconf 73' lang='grc' dir='ltr'>φήσει.</span> <span class='ocrx_word' id='word_1_231' title='bbox 910 2319 1026 2370; x_wconf 87' lang='lat' dir='ltr'>Quid</span> <span class='ocrx_word' id='word_1_232' title='bbox 1058 2320 1214 2360; x_wconf 77' lang='lat' dir='ltr'>nune?</span> <span class='ocrx_word' id='word_1_233' title='bbox 1260 2327 1377 2362; x_wconf 89' lang='lat' dir='ltr'><strong>estne</strong></span> <span class='ocrx_word' id='word_1_234' title='bbox 1419 2323 1623 2364; x_wconf 84' lang='lat' dir='ltr'>codicum</span> 
     </span>
     <span class='ocr_line' id='line_1_30' title="bbox 243 2390 1623 2449; baseline 0.002 -17"><span class='ocrx_word' id='word_1_235' title='bbox 243 2391 483 2447; x_wconf 86' lang='lat' dir='ltr'>Euripidis,</span> <span class='ocrx_word' id='word_1_236' title='bbox 529 2391 680 2445; x_wconf 84' lang='lat' dir='ltr'>quales</span> <span class='ocrx_word' id='word_1_237' title='bbox 726 2390 962 2440; x_wconf 84' lang='lat' dir='ltr'>habemus,</span> <span class='ocrx_word' id='word_1_238' title='bbox 1021 2391 1158 2431; x_wconf 88' lang='lat' dir='ltr'>maior</span> <span class='ocrx_word' id='word_1_239' title='bbox 1204 2393 1438 2433; x_wconf 84' lang='lat' dir='ltr'>auctoritas</span> <span class='ocrx_word' id='word_1_240' title='bbox 1488 2408 1623 2449; x_wconf 88' lang='lat' dir='ltr'>quam</span> 
     </span>
     <span class='ocr_line' id='line_1_31' title="bbox 246 2461 1623 2518; baseline 0.001 -13"><span class='ocrx_word' id='word_1_241' title='bbox 246 2462 485 2505; x_wconf 83' lang='lat' dir='ltr'>traditionis</span> <span class='ocrx_word' id='word_1_242' title='bbox 526 2461 862 2510; x_wconf 81' lang='lat' dir='ltr'>Strabonianae,</span> <span class='ocrx_word' id='word_1_243' title='bbox 911 2467 952 2502; x_wconf 91' lang='lat' dir='ltr'>et</span> <span class='ocrx_word' id='word_1_244' title='bbox 992 2461 1098 2502; x_wconf 88' lang='lat' dir='ltr'>nihil</span> <span class='ocrx_word' id='word_1_245' title='bbox 1134 2463 1264 2518; x_wconf 87' lang='lat' dir='ltr'>plane</span> <span class='ocrx_word' id='word_1_246' title='bbox 1299 2463 1403 2504; x_wconf 85' lang='lat' dir='ltr'>dixit</span> <span class='ocrx_word' id='word_1_247' title='bbox 1432 2465 1623 2508; x_wconf 85' lang='lat' dir='ltr'><strong>Valcke-</strong></span> 
     </span>
     <span class='ocr_line' id='line_1_32' title="bbox 243 2533 982 2589; baseline -0.003 -13"><span class='ocrx_word' id='word_1_248' title='bbox 243 2533 447 2576; x_wconf 81' lang='lat' dir='ltr'>naerius?</span> <span class='ocrx_word' id='word_1_249' title='bbox 486 2534 576 2589; x_wconf 79' lang='lat' dir='ltr'>Ego</span> <span class='ocrx_word' id='word_1_250' title='bbox 608 2534 754 2589; x_wconf 83' lang='lat' dir='ltr'><strong>recepi</strong></span> <span class='ocrx_word' id='word_1_251' title='bbox 787 2533 982 2582; x_wconf 77' lang='grc' dir='ltr'>τεκόντας.</span> 
     </span>
    </p>

    <p class='ocr_par' dir='ltr' id='par_1_3' title="bbox 245 2604 1623 2805">
     <span class='ocr_line' id='line_1_33' title="bbox 300 2604 1621 2663; baseline 0.003 -17"><span class='ocrx_word' id='word_1_252' title='bbox 300 2605 371 2646; x_wconf 82' lang='lat'>36.</span> <span class='ocrx_word' id='word_1_253' title='bbox 432 2605 632 2661; x_wconf 75' lang='grc' dir='ltr'>μαστεύων</span> <span class='ocrx_word' id='word_1_254' title='bbox 664 2607 822 2663; x_wconf 63' lang='grc' dir='ltr'>μαθεῖν.</span> <span class='ocrx_word' id='word_1_255' title='bbox 878 2605 946 2646; x_wconf 90' lang='lat' dir='ltr'>Ad</span> <span class='ocrx_word' id='word_1_256' title='bbox 977 2604 1285 2647; x_wconf 86' lang='lat' dir='ltr'>vindicandam</span> <span class='ocrx_word' id='word_1_257' title='bbox 1321 2607 1436 2648; x_wconf 89' lang='lat' dir='ltr'><strong>hane</strong></span> <span class='ocrx_word' id='word_1_258' title='bbox 1470 2609 1621 2650; x_wconf 90' lang='lat' dir='ltr'>lectio-</span> 
     </span>
     <span class='ocr_line' id='line_1_34' title="bbox 245 2677 1615 2737; baseline 0.002 -19"><span class='ocrx_word' id='word_1_259' title='bbox 245 2691 343 2718; x_wconf 88' lang='lat' dir='ltr'><strong>nem</strong></span> <span class='ocrx_word' id='word_1_260' title='bbox 371 2691 477 2733; x_wconf 84' lang='lat' dir='ltr'><strong>prae</strong></span> <span class='ocrx_word' id='word_1_261' title='bbox 512 2677 644 2718; x_wconf 83' lang='lat' dir='ltr'>altera</span> <span class='ocrx_word' id='word_1_262' title='bbox 660 2679 796 2718; x_wconf 84' lang='lat' dir='ltr'>multo</span> <span class='ocrx_word' id='word_1_263' title='bbox 825 2677 1052 2726; x_wconf 87' lang='lat' dir='ltr'><strong>deteriore,</strong></span> <span class='ocrx_word' id='word_1_264' title='bbox 1088 2680 1290 2733; x_wconf 81' lang='grc' dir='ltr'>μαστεύων</span> <span class='ocrx_word' id='word_1_265' title='bbox 1324 2678 1435 2735; x_wconf 71' lang='grc' dir='ltr'>ἰδεῖν,</span> <span class='ocrx_word' id='word_1_266' title='bbox 1467 2681 1615 2737; x_wconf 82' lang='lat' dir='ltr'><strong>negle-</strong></span> 
     </span>
     <span class='ocr_line' id='line_1_35' title="bbox 248 2748 1623 2805; baseline 0.003 -16"><span class='ocrx_word' id='word_1_267' title='bbox 248 2755 366 2789; x_wconf 83' lang='lat' dir='ltr'>ctum</span> <span class='ocrx_word' id='word_1_268' title='bbox 404 2755 464 2789; x_wconf 88' lang='lat' dir='ltr'>est</span> <span class='ocrx_word' id='word_1_269' title='bbox 498 2748 552 2790; x_wconf 88' lang='lat' dir='ltr'>ab</span> <span class='ocrx_word' id='word_1_270' title='bbox 585 2749 914 2805; x_wconf 81' lang='lat' dir='ltr'>interpretibus,</span> <span class='ocrx_word' id='word_1_271' title='bbox 961 2749 1167 2791; x_wconf 73' lang='lat' dir='ltr'><strong>debuisse</strong></span> <span class='ocrx_word' id='word_1_272' title='bbox 1199 2751 1352 2792; x_wconf 72' lang='lat' dir='ltr'>Laium</span> <span class='ocrx_word' id='word_1_273' title='bbox 1386 2751 1623 2793; x_wconf 76' lang='lat' dir='ltr'>oraculum</span> 
     </span>
    </p>
   </div>
  </div>
 </body>
</html>
