2020 3326
371 275 452 318 172
766 271 1332 313 COMMENTARIUS.

359 410 632 450 structionem
673 406 923 462 impeditam
954 413 994 446 et
1025 407 1274 446 sententiam
1306 406 1573 463 ambiguam:
1616 426 1727 466 quo-

362 488 430 521 tus
461 480 570 519 enim
598 477 782 532 quisque
809 484 869 516 est
901 477 1007 532 quin
1033 477 1172 532 primo
1202 477 1408 532 adspectu
1436 480 1639 521 continuo
1669 483 1728 521 sic

361 550 571 604 accipiat:
615 551 830 604 quoniam
868 549 979 588 mz'ln'
1017 548 1096 588 hoc
1135 563 1309 604 quoque
1349 563 1484 589 curae
1524 557 1617 599 est,
1660 567 1725 592 me

359 619 541 661 viveres?
565 618 890 660 Observandum
913 625 1055 659 autem
1077 619 1263 675 primum
1290 619 1503 660 Iocastam
1527 621 1579 661 de
1606 623 1727 662 Eteo-

359 692 424 731 cle
464 703 693 745 quaerere,
734 696 825 729 tum
864 689 917 729 de
952 690 1081 739 urbe,
1127 697 1389 744 postremum
1423 691 1477 731 de
1506 692 1721 748 Polynice.

356 762 406 801 ld
437 761 582 801 decori
621 761 757 815 gratia
797 760 855 800 ita
894 761 1074 801 instituit
1103 761 1257 801 Poeta:
1305 761 1419 801 unde
1454 764 1608 804 mirum
1637 779 1725 805 non

356 839 440 881 est,
485 832 535 880 ὡς
564 831 667 889 μέλει
697 848 757 886 μοι
790 830 854 872 καὶ
887 830 970 873 τόδ’
1010 833 1087 872 nisi
1118 831 1282 881 obiter,
1332 839 1447 873 certe
1486 848 1572 875 non
1603 836 1725 876 nimis

355 904 533 944 sollicite
565 904 681 944 dicta
715 903 866 944 videri.

418 974 542 1015 1099.
596 974 829 1031 μελάνδετον
873 973 975 1035 ’ξίφος
1018 975 1164 1032 λαιμῶν
1205 973 1327 1020 διῆκε.
1383 977 1512 1029 Quod
1547 985 1725 1033 propter

358 1047 481 1086 unius
508 1046 605 1087 eod.
631 1047 762 1086 Paris.
788 1046 839 1088 A.
869 1054 1117 1102 corruptam
1149 1047 1376 1087 lectionem
1402 1048 1539 1091 πλοιῶν
1562 1049 1723 1090 Brunc-

355 1117 452 1157 kius
488 1118 654 1172 scripsit
688 1118 886 1179 πλευρῶν,
928 1132 1016 1158 non
1045 1119 1229 1158 multum
1262 1117 1350 1158 abit
1382 1133 1405 1159 a
1437 1134 1553 1160 mera
1584 1121 1723 1160 conie-

356 1195 502 1238 ctura,
549 1203 637 1229 non
676 1191 787 1230 mala
828 1197 996 1230 tamen:
1042 1203 1142 1230 nam
1187 1189 1326 1231 πλοιῶν
1366 1192 1506 1246 potuit
1544 1191 1721 1246 quidem

355 1260 454 1299 oriri
491 1273 541 1299 ex
578 1259 779 1321 πλευρῶν,
825 1275 876 1301 ae
917 1260 1085 1301 videtur
1118 1261 1362 1301 Brunckius
1394 1263 1585 1312 sensisse,
1620 1262 1722 1321 ξίφος

354 1330 440 1370 hoc
470 1331 568 1371 loco
600 1339 673 1371 aut
704 1333 868 1372 dictum
901 1346 986 1372 esse
1017 1346 1097 1387 pro
1127 1333 1290 1381 culm-0,
1326 1340 1371 1372 ut
1398 1333 1650 1374 Menoeceus
1680 1349 1721 1375 se

355 1409 577 1456 tamquam
614 1403 831 1443 victimam
871 1403 1152 1458 iugulaverit,
1197 1409 1270 1442 aut
1308 1403 1425 1443 hunc
1461 1404 1537 1444 sibi
1570 1412 1718 1460 guttur

352 1473 497 1529 gladio
538 1474 635 1513 satis
676 1475 853 1529 quidem
893 1473 1166 1513 incommode
1205 1474 1455 1527 praecidere
1507 1475 1716 1516 debuisse.

351 1544 483 1599 Apud
509 1544 709 1600 Tragicos
736 1552 850 1585 certe
880 1544 1093 1599 αὐθένται,
1125 1544 1373 1600 praesertim
1403 1545 1502 1593 viri,
1536 1546 1717 1587 nobilio-

353 1629 396 1655 re
426 1616 599 1656 vulnere
630 1630 672 1655 se
703 1617 916 1657 conficere
947 1617 1104 1656 solent:
1142 1615 1256 1655 unde
1288 1615 1524 1670 aliquando
1557 1618 1599 1657 in
1632 1619 1719 1658 Eu—

352 1686 500 1741 ripidis
540 1686 613 1726 El.
652 1686 749 1727 683.
792 1701 872 1743 pro
913 1688 1037 1730 παίσω
1078 1690 1183 1745 κοὶρα
1225 1687 1302 1746 γάρ
1334 1686 1467 1742 τούμόν
1507 1691 1714 1743 proposui

353 1758 477 1799 παίσω
508 1759 586 1816 γὰρ
618 1756 721 1816 ἧπαρ
753 1758 904 1814 τούμόν.
948 1759 997 1798 In
1029 1759 1239 1813 praesenti
1273 1765 1415 1798 autem
1448 1759 1544 1798 loco
1574 1760 1718 1801 Phoe-

352 1832 585 1869 m'ssccrum
622 1829 740 1869 haud
774 1827 960 1871 violenta
992 1830 1203 1870 correctio
1235 1836 1339 1869 essct
1371 1829 1554 1885 λαγόνων.
1604 1831 1717 1871 Obii-

354 1901 491 1940 cietur
520 1914 577 1941 vs.
609 1900 731 1941 1462.
765 1901 838 1940 ubi
872 1901 1038 1941 Iocasta
1071 1901 1138 1942 διὰ
1172 1903 1285 1957 μέσον
1317 1901 1475 1958 αὐχένος
1498 1903 1601 1943 ὠθεῖ
1614 1903 1718 1951 σίδη-

351 1988 441 2031 ρον,
486 1985 671 2026 quorum
709 1973 930 2012 immemor
967 1972 1044 2012 fuit
1081 1973 1347 2012 Hei-mannus
1378 1973 1434 2013 ad
1471 1973 1616 2013 Orest.
1644 1975 1713 2014 51.

350 2042 686 2083 animadvertens
716 2043 774 2083 ibi
805 2057 892 2083 non
923 2050 1023 2098 apte
1054 2044 1139 2083 dici
1171 2046 1366 2103 φάσγανον
1387 2070 1443 2074 -
1474 2045 1534 2086 ἐπ’
1558 2046 1716 2102 αὐχένος

352 2113 514 2169 βαλεῖν,
555 2127 634 2169 pro
668 2114 819 2171 λαιμοῦ.
874 2115 1154 2169 Relinquitur
1191 2116 1322 2172 λαιμός
1354 2123 1394 2156 et
1424 2116 1550 2173 αὐχήν
1582 2118 1716 2158 laxius

352 2187 614 2240 superiorem
643 2187 829 2240 pectoris
856 2192 1021 2240 partem
1051 2187 1306 2242 significare.

414 2256 534 2296 1103.
574 2256 750 2316 ἐφέδρους
784 2258 944 2305 ἱππότας
979 2256 1045 2312 μὲν
1078 2259 1252 2307 ἱππόταις
1283 2259 1408 2314 ἔταξ’,
1450 2260 1716 2301 Valckenae-

350 2328 434 2366 rius
474 2335 716 2368 correxerat
745 2328 788 2370 θ’
813 2330 1004 2384 ἱππότας,
1052 2330 1173 2384 quod
1210 2344 1410 2386 spernens
1449 2331 1715 2370 Hermannus

354 2398 519 2454 scripsit
552 2398 689 2449 τάξας.
746 2401 985 2455 Utrumque
1020 2401 1279 2455 improbavit
1314 2402 1532 2449 Klotzius‚
1585 2415 1717 2456 copu-

354 2469 438 2508 lam
480 2471 761 2511 necessariam
802 2485 889 2511 non
928 2486 1014 2512 esse
1057 2473 1339 2513 contendens:
1390 2485 1563 2525 »neque
1604 2472 1715 2511 enim

359 2540 533 2595 (inquit)
576 2542 650 2581 soli
689 2543 753 2581 isti
790 2543 1007 2598 principes
1037 2543 1093 2582 ad
1123 2543 1309 2598 singulas
1339 2549 1484 2597 portas
1514 2541 1715 2582 collocati

356 2617 495 2658 erant,
537 2612 609 2651 sed
649 2626 747 2652 cum
786 2627 862 2653 suo
893 2614 1077 2668 quisque
1106 2614 1372 2669 manipulo.''
1420 2613 1617 2652 Potuitne
1649 2626 1712 2652 su-

355 2680 509 2734 spicari
542 2687 627 2721 tam
654 2683 779 2724 obvia
805 2698 891 2724 non
925 2684 1076 2724 vidisse
1106 2684 1318 2732 Grotium‚
1354 2683 1710 2725 Valckenaerium

356 2756 394 2789 et
425 2750 736 2801 Hei-mannum,
780 2755 811 2793 si
851 2753 937 2794 huc
979 2755 1202 2795 facerent?
1244 2753 1498 2794 Prudentius
1530 2753 1712 2796 Valcke-
