2020 3326
671 204 1109 247 PRAEFATIO.
1522 223 1577 249 vu

207 342 406 397 paulum,
448 342 624 398 opinor,
669 343 871 385 inclinavi
915 345 971 386 ad
1007 346 1124 387 illam
1157 353 1350 402 partem,
1388 347 1463 389 ubi
1493 350 1577 390 sal-

208 440 281 467 vas
323 427 523 469 videbam
552 429 724 485 linguae
757 429 870 485 leges
906 444 957 471 ac
997 433 1286 488 superstitiosa
1328 434 1585 476 sollicitudi-

206 527 260 553 ne
290 527 474 555 vacuam
504 528 697 555 errorum
730 516 1129 559 considerationem.

270 600 401 652 Quod
441 607 604 642 textum
645 601 974 645 Phoenissarum
1013 604 1331 648 Commentario
1372 607 1580 656 adiunxi,

208 686 291 727 feci
331 688 490 743 partim
526 688 761 744 flagitantis
800 689 1065 747 bibliopolae
1096 707 1250 743 causa,
1289 694 1448 750 partim
1491 708 1582 750 quo

208 752 467 823 lectoribus,
504 788 615 830 quos
644 776 753 816 forte
779 776 850 818 hic
879 777 987 818 liber
1011 780 1357 830 nancisceretur,
1392 781 1585 837 paratior

208 865 313 899 esset
338 860 574 916 inspectio;
607 861 682 902 sed
712 876 855 918 neque
883 878 1041 905 novam
1071 865 1259 906 Fabulae
1290 867 1583 908 recensionem

210 946 403 1002 suscepi,
435 960 516 987 nec
551 953 694 988 tamen
725 950 901 990 omnino
939 966 963 991 a
998 952 1207 992 mutando
1232 960 1470 1009 temperare
1501 968 1584 1010 Ρο-

210 1032 299 1081 tui,
341 1047 479 1088 quum
521 1034 705 1075 melioris
743 1035 908 1091 aliquid
939 1038 1133 1079 lectionis
1163 1052 1215 1079 ex
1247 1038 1585 1095 cognita'varie-

209 1124 294 1158 tate
324 1125 475 1175 optare
507 1120 678 1170 liceret3
722 1120 881 1176 quibus
913 1129 1056 1163 autem
1088 1125 1349 1179 argumentis
1379 1126 1551 1167 fecerim
1570 1159 1580 1176 ,

207 1204 252 1245 in
279 1204 595 1246 Commentario
618 1207 780 1247 monui.
826 1206 1052 1249 Caeterum
1081 1215 1278 1264 poteram
1308 1225 1465 1267 augere
1490 1227 1584 1253 mo-

208 1291 290 1331 lem
327 1290 424 1331 libri
464 1291 720 1333 lectionibus
765 1300 956 1349 quatuor
985 1294 1212 1345 codicum,
1256 1295 1442 1338 duorum
1475 1297 1584 1339 Bru-

207 1377 480 1428 xellensium,
527 1378 652 1420 unius
693 1379 931 1430 Leidensis,
977 1381 1192 1438 uniusque
1220 1382 1579 1434 Meermanniani‚

209 1476 397 1518 quorum
438 1465 643 1520 postremi
688 1465 902 1521 potiorem
946 1467 1197 1509 varietatem
1245 1469 1585 1513 Valckenaerius

210 1549 434 1605 adscripsit
475 1552 656 1608 margini
702 1553 956 1609 exemplaris
986 1554 1183 1596 editionis
1213 1570 1339 1605 suae,
1384 1558 1506 1613 quod
1540 1558 1584 1598 in

208 1634 320 1675 Bibl.
351 1636 548 1677 Leidensi
577 1644 783 1679 servatur.
829 1639 1097 1681 Praetermisi
1128 1656 1255 1689 vero,
1292 1643 1414 1699 quod
1437 1658 1584 1685 omnes

207 1722 467 1763 vitiosissime
507 1724 654 1780 scripti
694 1732 814 1774 sunt,
862 1740 913 1766 ac
947 1726 1169 1768 deterioris
1198 1735 1340 1770 notae.
1392 1730 1584 1771 Plerum-

210 1822 296 1863 que
339 1811 587 1865 conspirant
627 1825 726 1852 cum
765 1812 914 1868 aliquo
945 1813 1148 1855 codicum
1179 1815 1265 1856 iam
1301 1816 1580 1858 collatorum:

208 1894 317 1948 quid
357 1902 499 1938 autem
526 1897 734 1939 attinebat
759 1912 891 1940 novas
921 1901 1190 1956 corruptelas
1220 1915 1579 1951 commemorare,

209 1981 360 2035 quales
389 1989 488 2023 sunt
519 1997 584 2024 ex.
610 1999 674 2040 gr.
708 1999 766 2026 vs.
790 1986 833 2025 5.
850 1983 951 2032 ἦλθε
981 1990 1060 2028 νῦν.
1095 1987 1165 2028 45.
1186 1987 1233 2030 δὲ
1261 1989 1449 2039 παιζότει.
1479 1988 1579 2030 241.

211 2068 336 2126 τόρας.
361 2068 463 2110 276.
488 2070 668 2113 ἔκτυπον.
689 2070 789 2112 402.
816 2074 902 2114 τινὰ
926 2071 1054 2116 &eiam
1081 2073 1285 2116 mum&
1307 2078 1418 2134 ἅργει
1441 2072 1576 2121 ἦλθεν.

211 2151 312 2194 570.
338 2153 528 2213 φιλότιμος
553 2154 662 2198 δυσί.
695 2156 818 2207 1110.
841 2159 1038 2208 σοι’λπικες.
1074 2160 1196 2202 1267.
1220 2160 1413 2219 ἐρώτησον
1438 2163 1582 2204 τέκναῖ)

212 2239 346 2280 Multo
393 2241 596 2297 cupidius
645 2242 813 2284 edenda
866 2247 1033 2302 recepi,
1081 2260 1195 2301 quae
1239 2246 1442 2289 Cobetius
1479 2249 1584 2290 mihi

212 2326 501 2367 commodavit
556 2328 853 2383 supplementa
901 2330 1164 2372 scholiorum
1209 2346 1298 2374 non
1335 2340 1501 2375 tantum
1539 2336 1583 2376 in

212 2411 481 2462 Phoenissas,
521 2412 593 2453 sed
629 2413 674 2454 in
703 2414 892 2470 reliquas
920 2416 1136 2472 Euripidis
1164 2417 1355 2469 fabulas,
1393 2420 1583 2462 fructum

212 2499 489 2553 peritissimae
533 2500 788 2541 collationis.
839 2502 900 2542 Dc
940 2502 1003 2543 his
1034 2503 1166 2560 ipsius
1200 2504 1338 2546 verbis
1367 2507 1583 2548 monenda

210 2584 372 2626 refero:

277 2692 292 2711 ³>
312 2671 484 2713 Scholia
527 2673 704 2729 antiqua
742 2674 785 2715 in
827 2674 1074 2731 Euripidem
1113 2677 1396 2733 iri-omnibus
1436 2679 1583 2722 Italiae
