2020 3326
456 253 534 295 114
853 245 1417 289 COMMENTARIUS.

457 391 631 430 sortasse
666 385 834 441 regulas
867 384 1038 438 linguae
1078 382 1255 422 violasse
1290 380 1347 420 ob
1388 382 1605 423 fortiorem
1640 384 1824 425 antithe-

455 461 534 500 sin.
574 457 674 498 Mihi
700 457 784 496 hoc
809 455 1033 496 Comicum
1063 452 1217 493 decere
1242 452 1432 501 videtur,
1464 467 1551 493 non
1579 454 1823 510 Tragicum.

461 529 735 570 Schaeferus:
771 544 786 564 »
801 526 900 569 Vid.
921 524 1114 565 Lobeck.
1134 523 1189 563 ad
1213 523 1372 578 Phryn.
1403 540 1445 579 p.
1465 523 1564 564 630.
1604 525 1699 580 [qui
1724 526 1828 566 facit

459 616 558 641 cum
588 596 951 651 Valckenaerio]:
998 610 1153 651 parum
1185 595 1363 643 scimus,
1413 602 1626 650 quantum
1666 597 1709 637 in
1745 597 1829 637 hoc

459 685 611 728 genere
653 677 837 718 veteres,
887 669 930 708 in
970 668 1116 723 primis
1156 673 1333 723 poetae,
1370 667 1498 706 licere
1535 668 1612 707 sibi
1646 675 1828 723 putave-

457 744 583 783 rint.'⁷
638 742 698 782 De
730 742 857 781 bonis
887 740 1024 795 poetis
1053 739 1151 779 satis
1177 753 1254 778 nos
1284 738 1390 778 scire
1419 739 1595 779 confido
1625 753 1696 779 eos
1737 754 1829 780 sen-

462 815 641 854 tentiosa
684 812 825 852 omnia
860 817 1063 850 acciviratc
1095 810 1316 849 enuntiare
1349 810 1492 849 solitos
1525 825 1633 851 esse:
1675 825 1830 866 quam-

465 886 611 926 obrem
638 884 832 924 nondum
860 882 1050 937 intelligo
1075 894 1153 920 cur
1186 880 1411 935 Euripides
1446 880 1574 920 verbo
1599 895 1685 921 non
1711 896 1832 937 grae-

463 972 515 998 co
543 970 642 996 usus
668 956 714 995 sit
733 985 743 1004 ,
779 969 914 1009 quum
943 955 986 993 in
1010 958 1183 1009 promtu
1214 958 1318 991 esset
1349 954 1615 1011 συνκφρονεῖν,
1648 954 1712 993 vel
1745 969 1831 994 συν-

460 1031 608 1083 νοσεῖν,
649 1026 886 1067 secundum
933 1025 1086 1081 Iplll'g‘-
1128 1023 1233 1063 Aed.
1271 1022 1357 1065 407
1423 1027 1693 1084 συσσωφρονεῖν
1724 1026 1832 1084 γὰρ,

460 1100 546 1158 ουχὶ
580 1101 765 1141 συννοσεῖν
797 1101 902 1156 ἔφυν,
935 1111 1065 1152 quem
1092 1110 1259 1136 versum
1285 1095 1371 1134 huc
1401 1098 1582 1136 contulit
1608 1098 1830 1138 Porsonus.

517 1171 616 1213 398.
665 1171 751 1212 ἀλλ’
783 1171 831 1219 εἰς
865 1169 906 1211 τὸ
937 1168 1069 1229 κέρδος
1101 1169 1210 1227 παρὰ
1241 1168 1344 1225 φύσιν
1377 1166 1607 1210 δουλευτέον.
1664 1169 1832 1209 Plutar-

461 1244 567 1283 chus
604 1249 644 1282 et
675 1243 889 1281 Lucianus
923 1242 1057 1281 citant
1097 1243 1189 1281 ὅπου
1220 1240 1261 1280 τὸ
1295 1238 1447 1299 κέρδος,
1495 1241 1615 1295 quod
1645 1241 1834 1280 Porsono

461 1321 501 1354 et
530 1314 773 1354 Hermanno
801 1319 1008 1366 tanquam
1036 1312 1219 1367 genuina
1244 1312 1372 1351 lcctio
1400 1312 1587 1366 placuit:
1623 1311 1725 1351 mihi
1747 1325 1835 1351 non

460 1387 583 1425 item:
615 1385 737 1424 euius
768 1383 976 1423 dissensus
998 1383 1106 1422 haec
1136 1396 1263 1421 causa
1294 1389 1379 1421 est:
1417 1383 1535 1436 apud
1554 1382 1835 1423 Plutarchum

463 1458 506 1497 in
539 1457 793 1503 Demetrio,
836 1471 880 1510 1).
905 1453 1004 1494 895.
1035 1467 1072 1493 a.
1106 1452 1346 1507 Antigonus
1374 1453 1464 1492 filio
1505 1460 1642 1493 aetate
1679 1466 1834 1508 prove-

465 1529 640 1568 ctiorem
672 1539 845 1566 uxorem
878 1525 1037 1564 ducere
1068 1524 1280 1564 recusanti
1315 1524 1358 1563 in
1390 1537 1535 1564 aurem
1568 1525 1719 1564 dixisse
1750 1524 1833 1564 fer-

465 1607 554 1639 tur:
581 1602 673 1639 ὅπου
705 1598 746 1638 τὸ
779 1596 938 1655 κέρδος,
971 1597 1080 1655 παρὰ
1113 1597 1216 1652 φύσιν
1247 1596 1464 1650 γαμητέον,
1497 1595 1727 1650 dupliciter
1754 1611 1833 1635 πα-

461 1671 596 1730 ρῳδῶν
626 1684 793 1711 versum
823 1669 1124 1724 Euripideum:
1161 1667 1213 1707 de
1244 1668 1433 1723 γαμητέον
1458 1668 1547 1721 ipse
1577 1666 1835 1707 Plutarchus

464 1743 652 1782 monuit:
698 1741 751 1781 de
790 1744 882 1781 ὅπου
914 1754 1022 1795 opus
1060 1753 1147 1779 non
1188 1745 1301 1788 erat3
1349 1739 1421 1778 sed
1458 1738 1729 1778 manifestum
1773 1744 1834 1777 est

461 1814 725 1868 Antigonum
758 1812 909 1851 dixisse
937 1810 1057 1866 quod
1092 1811 1151 1849 rei
1179 1811 1320 1865 aptius
1347 1815 1451 1849 essct
1486 1824 1619 1864 quam
1655 1809 1742 1850 ἀλλ’
1767 1809 1830 1857 εἷς.

462 1885 579 1924 Haec
611 1884 664 1923 de
680 1883 927 1923 Plutarcho.
962 1881 1105 1921 Potuit
1134 1887 1300 1929 autem,
1332 1887 1377 1920 ut
1405 1894 1531 1936 saepe
1560 1881 1722 1921 factum
1750 1893 1836 1920 esse

465 1956 641 2004 seimus,
675 1968 818 1995 versus
843 1953 896 1993 ab
928 1966 977 1992 eo
1006 1952 1106 1992 inde
1135 1959 1326 2006 tempore
1353 1965 1401 1991 ea
1428 1952 1587 2000 forma,
1621 1965 1708 2006 qua
1734 1965 1836 2006 pro-

463 2027 732 2068 nuntiaverat
780 2025 1046 2080 Antigonus,
1095 2024 1138 2063 in
1180 2037 1252 2062 ore
1296 2023 1516 2063 hominum
1549 2022 1732 2070 versari,
1777 2023 1836 2062 ita

467 2104 514 2138 ut
565 2103 826 2153 postremum
875 2103 1017 2135 tamen
1058 2094 1320 2135 vocabulum
1359 2095 1577 2134 occasioni
1617 2100 1830 2149 aptarent.

468 2169 623 2223 Itaque
665 2182 800 2222 quum
839 2167 1054 2206 Lucianus
1085 2166 1129 2206 in
1164 2165 1296 2220 Apol.
1335 2179 1372 2205 c.
1402 2165 1442 2205 3.
1483 2166 1633 2205 citaret
1666 2168 1760 2206 ὅπου
1792 2166 1835 2207 τὸ

466 2239 624 2300 κέρδος,
667 2241 776 2300 παρὰ
810 2240 913 2296 φύσιν
945 2237 1190 2292 δουλευτέον,
1234 2236 1550 2291 reprehendens
1584 2238 1836 2293 ἀγενέστατον

466 2311 670 2368 ἰαμβεῖον,
702 2311 917 2366 Euripidis
947 2310 1122 2365 quidem
1146 2309 1362 2356 meminit,
1396 2307 1470 2348 sed
1498 2323 1641 2349 versus
1670 2310 1836 2349 initium

464 2384 694 2439 proverbio
722 2381 1080 2423 accommodavit.
1112 2381 1162 2420 In
1192 2394 1265 2420 ore
1295 2379 1482 2433 denique
1500 2379 1712 2434 Polynicis
1743 2378 1831 2421 ἀλλ’

467 2456 515 2504 εἰς
544 2455 762 2496 efficacius
792 2453 981 2494 occurrit
1013 2452 1159 2492 matris
1189 2451 1349 2492 verbis:
1384 2451 1448 2492 καὶ
1482 2455 1589 2492 τοῦτο
1620 2450 1778 2509 λυπρόν.

524 2526 624 2567 400.
665 2527 796 2574 καλοῖς
819 2524 1005 2580 βλέπουσί
1031 2524 1067 2581 γ’
1091 2527 1271 2581 ὄμμασιν.
1327 2524 1614 2563 Hermannus:
1651 2523 1835 2563 »vellem

466 2597 536 2636 hic
569 2596 722 2652 aliquis
762 2597 867 2638 liber
900 2596 1124 2652 praeberet
1160 2594 1376 2650 βλέπουσαί
1401 2595 1438 2652 γ’
1473 2593 1688 2649 ὄμμασινι”
1732 2594 1832 2648 qui-

466 2666 546 2707 bus
584 2667 692 2708 haee
733 2669 915 2723 opponit
953 2668 1169 2707 Klotzius:
1223 2680 1329 2715 »eo‚
1365 2665 1486 2721 quod
1527 2663 1707 2719 βλέπουσι
1735 2679 1830 2706 ver-

463 2738 565 2778 bum
595 2738 764 2779 finitum
794 2745 879 2789 est,
913 2739 1044 2794 magis
1076 2743 1209 2779 exstat
1241 2738 1330 2778 eius
1354 2738 1414 2778 vis
1445 2751 1496 2777 ac
1525 2742 1712 2793 potestas
1737 2750 1826 2777 me-
