2020 3326
497 264 581 304 2⁶26
900 259 1454 301 COMMENTARIUS.

560 399 682 440 1483.
725 398 870 457 φίλους.
916 396 987 437 Sic
1019 409 1164 436 omnes
1196 396 1290 436 libri
1323 411 1409 437 uno
1438 406 1622 455 excepto
1652 401 1857 443 Parisien-

500 474 625 520 sium,
652 470 727 525 qui
750 468 865 527 φίλοις
887 467 1037 517 habet,
1064 467 1265 524 idemque
1289 468 1478 525 Scaliger
1504 472 1703 512 coniecit.
1730 473 1858 515 Valc-

500 542 744 582 kenaerius:
787 541 864 581 »Si
895 540 1052 596 probas
1078 540 1283 595 Scaligeri
1314 541 1563 592 lectionem,
1598 557 1675 583 cur
1700 558 1860 599 quaeso

499 616 668 655 dixisset
694 613 917 669 Euripides
944 612 1028 661 τοὺς
1060 613 1249 661 θανόντας
1280 613 1495 673 νεκρούς9”
1528 614 1682 670 Itaque
1707 629 1861 671 perpe-

494 701 582 726 ram
611 685 838 726 dubitabat
861 699 914 725 an
940 684 1077 741 probe
1103 684 1317 726 diceretur
1343 685 1465 744 νεκρὸς
1485 686 1632 728 θανών.
1668 687 1861 742 Utraque

496 759 623 799 lectio
657 757 770 798 bona
802 763 884 807 est;
917 757 1032 797 unde
1069 756 1261 812 plurium
1289 757 1491 798 codicum
1518 772 1767 799 consensum
1797 773 1861 799 se-

498 830 720 885 quendum
749 829 955 868 existimo.

561 901 665 942 1491
682 916 777 956 sqq.
805 899 1124 955 Antistrophiea
1141 899 1242 939 huic
1262 901 1431 941 cantico
1458 901 1609 950 inesse,
1635 902 1862 957 plumbeus

494 975 543 1014 sit
572 979 742 1028 oportet
773 973 849 1028 qui
880 985 967 1013 non
999 972 1147 1011 sentit:
1187 971 1416 1012 ordinandi
1450 973 1657 1013 rationem
1690 975 1862 1030 excogi-

494 1046 552 1086 vit
582 1045 849 1085 Hermannus
878 1043 1281 1100 ingeniosissimam:
1331 1045 1400 1084 cui
1446 1045 1571 1085 facile
1603 1045 1859 1095 assentiaris,

497 1118 529 1157 si
561 1117 620 1157 sic
651 1117 785 1173 legas:
826 1116 890 1156 sin
930 1115 1160 1155 contuleris
1197 1129 1296 1155 cum
1327 1115 1491 1156 traditis
1521 1116 1681 1166 verbis,
1727 1132 1863 1172 quum

498 1189 744 1243 complura,
792 1201 879 1228 non
918 1187 1123 1228 violenter
1171 1186 1369 1242 quidem,
1409 1187 1482 1228 sed
1517 1195 1657 1229 tamen
1697 1195 1864 1230 mutare

500 1260 713 1308 debuerit,
748 1259 971 1315 suspiceris
997 1259 1118 1298 aliter
1144 1259 1271 1299 etiam
1296 1259 1492 1315 strophas
1516 1260 1699 1300 describi
1720 1274 1861 1315 posse:

500 1344 723 1387 quumque
754 1331 843 1386 ipse
871 1344 1014 1370 secum
1046 1336 1086 1370 et
1115 1344 1212 1370 eum
1245 1330 1434 1371 Seidlero
1463 1332 1507 1372 in
1536 1332 1679 1372 multis
1705 1333 1863 1373 dissen-

504 1404 607 1452 tiat,
654 1403 812 1442 utiliter
853 1401 1028 1457 quidem
1061 1401 1169 1441 haec
1211 1402 1406 1442 conferas
1445 1403 1554 1442 inter
1582 1417 1650 1452 se,
1701 1404 1865 1459 aliquid

501 1476 676 1515 fortasse
701 1475 790 1529 ipse
821 1473 1005 1522 (livines,
1034 1473 1117 1513 sive
1143 1473 1308 1512 traditis
1338 1474 1512 1522 servias,
1547 1475 1632 1515 sive
1659 1475 1866 1516 audacius

500 1560 669 1586 omnem
711 1545 958 1600 religionem
1003 1544 1208 1599 deponas.
1281 1544 1468 1593 Verum,
1514 1551 1560 1585 ut
1603 1546 1859 1601 significavi,

501 1618 732 1673 descriptio
763 1616 1075 1657 Herma-aniana
1106 1616 1235 1671 digna
1272 1623 1330 1656 est
1361 1622 1479 1656 tanto
1513 1617 1683 1672 ingenio
1723 1624 1863 1658 tanta—

501 1704 588 1745 que
627 1690 686 1729 rei
726 1688 928 1728 metricae
958 1687 1132 1743 peritia:
1185 1701 1317 1742 quam
1361 1701 1439 1743 ego
1481 1689 1656 1743 quidem
1701 1690 1864 1745 ample-

503 1763 559 1802 cti
589 1761 755 1809 malim,
805 1773 937 1815 quam
980 1765 1292 1813 tentare-quae
1331 1759 1420 1798 aliis
1459 1773 1546 1799 non
1584 1774 1863 1815 persuasurus

504 1836 593 1874 sim.
622 1833 671 1873 In
691 1832 775 1872 hoc
800 1845 946 1880 verSU‚
982 1832 1013 1871 si
1036 1837 1131 1886 post
1157 1829 1358 1890 βλεφάροις
1385 1830 1546 1886 syllaba
1570 1832 1698 1888 longa
1724 1832 1858 1882 deest,

505 1912 692 1962 praestat
748 1903 988 1964 βλεφάροισιν
1039 1903 1280 1959 corrigere,
1340 1917 1472 1958 quam
1519 1917 1617 1944 cum
1657 1905 1863 1945 Herman-

502 1992 558 2018 110
598 1979 682 2037 πρίν
718 1977 939 2032 supplere:
983 1975 1115 2031 magis
1152 1975 1263 2015 enim
1303 1975 1473 2030 respicit
1506 1968 1718 2031 Antigone
1759 1978 1866 2033 quid

505 2051 678 2090 omnino
706 2049 910 2104 virginem
940 2047 1115 2093 deceat,
1149 2060 1281 2102 quam
1310 2046 1417 2102 quid
1448 2054 1568 2087 antea
1600 2048 1760 2089 fecerit.

569 2120 678 2161 1519
702 2135 799 2175 sqq.
842 2120 895 2168 τίς
926 2118 987 2178 ἄρ’
1011 2121 1104 2178 ὅρνις
1126 2143 1183 2148 -
1204 2117 1385 2179 ὀδυρμοῖς
1408 2118 1509 2176 ἐμοῖς
1531 2123 1645 2176 ἄχεσι
1666 2119 1832 2178 συνῳδός
1842 2140 1861 2176 ,-

508 2194 645 2234 Recte
685 2192 861 2247 quidem
899 2190 1094 2230 Klotzius
1132 2190 1320 2230 dissentit
1357 2190 1410 2230 ab
1440 2191 1703 2246 reliquorum
1733 2193 1863 2233 inter-

505 2265 762 2321 pretatione:
792 2277 927 2319 quum
950 2275 1048 2303 vero
1074 2260 1238 2323 ὀδυρμός
1267 2262 1319 2302 (16
1341 2262 1544 2303 lusciniae
1570 2270 1700 2303 cantu
1724 2264 1864 2319 aptius

505 2337 697 2385 dicatur,
742 2349 873 2391 quam
902 2338 1029 2391 ἄχος,
1070 2334 1155 2375 1106
1197 2340 1338 2374 autem
1378 2334 1422 2374 in
1451 2335 1596 2390 primis
1625 2334 1863 2391 Antigonae

510 2409 758 2457 conveniat,
788 2406 933 2447 malim
960 2412 1227 2447 construere:
1266 2406 1319 2454 τίς
1349 2405 1410 2465 ἄρ’
1441 2409 1534 2466 ὅρνις
1565 2405 1744 2467 ὀδυρμοῖς
1774 2423 1862 2449 συν-

508 2479 608 2537 ῳδὸς
640 2479 742 2537 ἐμοῖς
772 2483 900 2536 ἄχεσι.

567 2551 678 2592 1538
703 2566 798 2607 sqq.
845 2550 881 2600 ὃς
910 2550 969 2594 ἐπὶ
1000 2550 1174 2606 δώμασιν
1206 2549 1328 2610 ἀέριον
1349 2552 1483 2593 σκότον
1505 2553 1647 2608 ὄμμασι
1668 2553 1761 2593 σοῖσι
1783 2549 1861 2605 βα-

507 2623 581 2663 λὼν
612 2623 727 2671 ἕλκεις
760 2647 818 2655 —
838 2626 959 2673 ζωοίν.
1004 2622 1185 2676 Propter
1213 2628 1394 2662 metrum
1424 2623 1688 2663 Hermannus
1715 2636 1794 2678 pro
1823 2621 1861 2670 ὃς

509 2694 568 2735 ἐπὶ
602 2693 774 2750 δώμασιν
804 2695 968 2750 scripsit
995 2693 1031 2742 ὃς
1062 2692 1120 2736 ἐπὶ
1152 2691 1351 2752 δάκρυσιν.
1394 2688 1584 2734 Fortasse
1609 2694 1721 2734 idem
1746 2693 1858 2733 obti-

503 2765 674 2806 nebitur
710 2766 1047 2822 transponendo:
1095 2765 1268 2820 δώμασιν
1299 2764 1336 2813 ὃς
1366 2765 1439 2810 ἔπ’,
1498 2764 1633 2806 Recte
1677 2763 1852 2820 quidem
