2020 3326
421 267 506 308 202
822 259 1387 302 COMMENTARIUS.

420 401 548 442 habet
584 398 896 444 defensionem,
942 394 1011 434 cui
1052 407 1139 433 non
1176 394 1376 434 satisfecit
1406 395 1621 437 Klotzius:
1661 400 1784 440 nimis

419 474 530 512 enim
571 476 719 525 argute
760 467 888 508 verba
928 462 959 507 ὦ
992 464 1147 520 τάλας,
1181 463 1322 513 δισσῶς
1354 467 1461 508 αὐτῶ
1490 468 1547 507 ita
1578 469 1784 523 explicuit

418 550 464 582 ut
506 542 725 596 duplicem
767 538 1055 578 calamitatem
1092 537 1294 591 respiciat
1331 539 1536 587 nunciu83
1578 538 1649 579 hic
1685 554 1785 581 vero

415 615 504 667 ipse
534 612 682 651 melius
712 610 1038 664 interpretatur:
1069 608 1225 664 μεγάλα
1257 610 1336 668 γὰρ
1365 610 1464 669 φέρω
1496 614 1618 651 κακά.
1655 611 1698 650 Si
1728 613 1785 651 al-

416 691 552 723 terum
577 681 774 722 voluisset
800 679 1047 734 EuripideS‚
1074 693 1192 720 more
1217 694 1293 720 suo
1317 682 1433 721 haud
1452 681 1582 722 dubie
1600 683 1785 738 scriptu-

415 769 485 794 rus
524 759 637 794 erat:
684 751 802 793 δισσά
843 752 921 810 γὰρ
961 751 1056 810 φέρω
1088 754 1211 792 κακά.
1273 751 1309 792 0
1344 758 1500 807 lerque
1535 758 1784 809 quaterque

416 826 536 866 beati
560 825 717 864 dicitur
738 825 825 864 sine
844 837 893 863 eo
921 829 968 863 ut
993 823 1072 863 tria
1097 823 1163 863 vel
1191 829 1380 878 quatuor
1403 823 1516 864 bona
1538 825 1782 880 intelligan-

416 904 498 937 tur.
556 895 695 936 Creon
735 902 877 935 tamen
911 894 1018 934 haec
1057 894 1115 934 ita
1148 895 1308 949 accipit
1347 901 1393 934 ut
1432 895 1593 950 duplex
1623 897 1783 936 malum

414 968 611 1008 incidisse
651 967 912 1021 suspicetur:
959 966 1013 1005 de
1044 980 1133 1020 quo
1164 967 1273 1005 male
1306 966 1569 1007 Scholiasta:
1607 966 1668 1007 ἐπὶ
1700 970 1785 1016 ταῖς

415 1039 548 1087 ἄλλαις
579 1037 752 1093 βλάβαις
781 1039 868 1086 ταῖς
901 1037 1128 1094 γενομέναις.
1176 1037 1269 1077 Hoc
1300 1037 1411 1077 enim
1437 1037 1660 1092 spectabat
1686 1038 1786 1079 belli

417 1112 729 1159 calamitatem,
774 1116 819 1149 ut
860 1108 1031 1149 Creonti
1071 1122 1251 1163 quoque
1286 1122 1384 1148 cum
1425 1109 1606 1149 articulo
1638 1110 1784 1150 dicen-

415 1184 519 1223 dum
546 1183 709 1222 fuisset:
743 1181 837 1242 πρὸς
870 1183 947 1229 τοῖς
979 1181 1309 1239 πεπραγμένοισιν.
1346 1179 1568 1235 Ingeniose
1590 1180 1706 1221 huno
1730 1182 1786 1221 lo-

417 1269 516 1294 cum
546 1254 786 1294 immutavit
821 1254 1110 1302 Hermannus3
1155 1267 1301 1292 verum
1334 1252 1540 1292 librorum
1574 1254 1785 1307 scriptura

416 1325 515 1365 ferri
544 1330 709 1380 potest,
742 1330 782 1363 et
810 1324 990 1372 rectius,
1026 1323 1232 1372 arbitror,
1268 1323 1376 1363 haec
1405 1323 1547 1363 omnia
1578 1337 1656 1379 per
1684 1325 1786 1365 inte-

418 1410 537 1451 gram
568 1394 914 1449 stichomythiam
947 1395 1305 1448 pronunciantur.

480 1466 604 1507 1345.
656 1466 762 1507 αἰαῖ’
799 1465 954 1522 μεγάλα
986 1482 1047 1521 μοι
1077 1467 1205 1524 θροεῖς
1236 1465 1374 1507 πάθεα
1415 1463 1479 1505 καὶ
1512 1465 1631 1506 πόλει.
1686 1465 1784 1505 Post

417 1538 534 1578 hunc
575 1551 743 1578 versum
779 1536 1022 1577 huiusmodi
1055 1538 1267 1577 senarium
1297 1536 1500 1576 excidisse
1530 1542 1654 1590 putat
1684 1537 1785 1576 Her-

417 1623 621 1648 mannus:
653 1607 717 1649 καὶ
752 1614 797 1664 τῇ
832 1607 991 1665 ταλαίνῃ
1024 1607 1166 1667 μητρὶ,
1198 1608 1372 1665 συγγόνῳ
1405 1606 1438 1648 τ’
1460 1606 1560 1663 ἐμῇ,
1594 1608 1786 1648 antistro-

416 1680 530 1734 phae
558 1693 711 1728 causa,
732 1679 843 1720 1350
867 1694 931 1734 sq.
965 1680 1014 1719 Et
1032 1679 1115 1719 hoc
1142 1679 1409 1734 ingeniosum
1439 1685 1517 1728 est,
1549 1685 1589 1718 et
1618 1679 1784 1733 reliqua

420 1765 533 1806 quae
565 1751 797 1805 disputavit
828 1750 882 1790 de
913 1751 1067 1790 horum
1099 1764 1291 1790 versuum
1322 1749 1493 1789 turbato
1523 1750 1687 1789 ordine.
1726 1751 1785 1790 Dc

419 1821 736 1876 antistrophicis
774 1810 971 1861 lubenter
1016 1822 1242 1870 assentior3
1285 1821 1358 1860 sed
1398 1821 1604 1860 sententia
1641 1835 1785 1861 versus

418 1908 549 1949 quem
587 1893 801 1948 supplevit
827 1907 914 1933 non
943 1893 1111 1934 videtur
1138 1892 1396 1942 necessaria3
1430 1906 1510 1932 nec
1542 1893 1652 1932 enim
1677 1906 1787 1947 opus

419 1972 508 2006 erat
552 1972 599 2005 ut
651 1963 788 2005 Creon
841 1964 1053 2004 Iocastam
1099 1969 1477 2012 commemoraret⁷
1537 1977 1618 2003 nec
1662 1963 1787 2003 huius

419 2036 609 2077 meminit
639 2036 682 2076 in
718 2035 1002 2090 antistropha.
1043 2034 1144 2075 Mihi
1175 2035 1258 2074 alia
1287 2035 1396 2074 ratio
1427 2033 1693 2089 probabilior
1726 2034 1786 2075 vi·-

421 2108 568 2156 dctur,
601 2107 800 2147 nimirum
831 2106 961 2146 llaec:

480 2180 560 2238 Kp.
626 2178 723 2219 αἰαῖ.
769 2177 925 2233 μεγάλα
949 2193 1010 2233 μοι
1031 2177 1160 2235 θροεῖς
1182 2178 1319 2219 πάθεα
1339 2174 1403 2216 καὶ
1427 2175 1547 2217 πόλει.

686 2246 718 2291 ὦ
739 2247 891 2305 δώματ’
913 2249 1145 2298 εἱςηκούσατ’
1168 2248 1331 2291 Οἰδίπου
1353 2246 1451 2290 τάδε
1463 2267 1481 2302 ,-

692 2321 809 2375 [παίό
811 2337 860 2362 ων
881 2321 1021 2378 ὁμοίαις
1041 2323 1253 2381 συμφοραῖς
1275 2318 1486 2373 ὀλωλότων]

481 2394 557 2435 Χο.
690 2392 778 2441 ὥςτ’
802 2392 1044 2450 ἐκδακρῦσαί
1060 2393 1117 2449 γ’,
1148 2393 1179 2434 εἰ
1201 2391 1387 2453 φρονοῦντ’
1409 2391 1633 2448 ἐτύγχανον.

482 2466 561 2524 Κρ.
772 2464 867 2520 οἴμοι
890 2463 1088 2524 ξυμφορᾶς
1112 2463 1479 2524 βαρυποτμωτάτας
1491 2498 1508 2518 ,

689 2536 784 2591 οἴμοι
805 2542 935 2578 κακῶν
957 2535 1136 2584 δύστηνος
1153 2550 1162 2558 ·
1198 2532 1229 2577 ὦ
1253 2535 1378 2584 τάλας
1399 2534 1493 2592 ἐγώ.

425 2606 577 2660 Itaque
618 2607 739 2661 quod
780 2608 1068 2657 Hermannus‚
1115 2607 1278 2647 bonum
1317 2621 1484 2648 versum
1514 2602 1784 2660 procudenS,

426 2677 593 2716 efficere
625 2677 812 2727 studuit,
851 2679 963 2719 idem
995 2693 1098 2734 ego,
1134 2679 1349 2734 expellens
1378 2678 1563 2725 malum,
1595 2674 1786 2714 obtinere.

427 2760 572 2787 conor.
601 2748 651 2788 Et
679 2762 823 2789 revera
850 2751 1052 2804 pessimus
1074 2757 1133 2799 est
1167 2763 1295 2804 quem
1325 2760 1538 2803 expung0.
1568 2745 1638 2787 VS·
1663 2742 1783 2784 1347„
