2020 3326
379 252 465 294 220
783 248 1344 293 COMMENTARIUS.

373 389 506 445 γύαλοι
549 388 736 428 thoracis
779 386 887 425 adeo
936 386 1076 441 aptari
1118 398 1205 424 11011
1260 391 1494 440 potuerunt
1539 394 1585 427 ut
1636 389 1741 429 nihil

378 460 502 514 spatii
523 459 824 512 relinquerent.
854 456 1016 507 Quodsi
1039 456 1176 515 στέρνα
1193 455 1491 511 incorruptum
1513 464 1595 507 est,
1621 460 1741 513 quod

377 530 550 571 credere
565 530 699 568 multo
725 527 891 575 malim,
911 527 1027 567 aliud
1045 528 1253 582 scriptum
1273 527 1352 566 suit
1375 542 1455 583 pro
1481 529 1620 585 γυμνὸν
1640 526 1741 585 ὦμον

377 599 534 656 signam-v,
559 614 623 640 ex.
641 615 704 655 gr.
730 599 839 656 γύμν’
864 600 1013 640 ἄνωθεν
1035 597 1178 647 εἰςιδὼν
1199 623 1256 629 —
1277 601 1435 658 στέρναε
1463 601 1507 641 in
1530 615 1618 656 quo
1642 606 1740 644 ἅνω-

374 673 442 713 θεν
468 671 687 726 propriam
719 677 832 711 certe
859 671 943 711 vim
971 670 1151 718 habeat,
1178 684 1232 710 ne
1254 660 1486 711 obiiciatur
1514 686 1563 712 eo
1594 673 1741 729 Tragi-

376 757 448 783 cos
478 756 717 797 numquam
750 755 845 782 usos
875 755 962 782 esse
990 755 1070 797 pro
1101 745 1202 783 ἅνωε
1238 742 1455 783 Eteoclem
1488 750 1630 784 autem
1660 759 1739 801 pa-

375 815 460 854 lam
496 820 555 853 est
601 814 741 853 fratris
773 812 994 853 thoracem
1035 813 1328 867 perforavisse.
1380 814 1604 869 Euripides
1641 829 1742 857 vero

376 891 472 925 ante
502 885 652 925 oculos
680 884 878 924 habuerit
906 884 1048 924 Iliad.
1070 885 1206 926 XVII.
1231 883 1330 925 606.
1364 883 1543 940 βεβλήκει
1575 888 1740 947 θώρηκα

374 957 478 999 κατὰ
510 957 654 1004 στῆθος
666 991 682 1011 ,
713 956 821 1014 παρὰ
855 957 977 1013 μαζόν
994 970 1002 977 ·
1039 955 1075 997 ἐν
1107 956 1239 1014 καυλῷ
1259 955 1308 1007 ἴδ’
1329 956 1427 1013 εὀἱγη
1449 957 1602 1014 δολιχὸν
1623 958 1738 1019 ὃόρυε

374 1042 641 1083 quamquam
672 1028 765 1076 hic,
803 1034 849 1067 ut
879 1027 1064 1076 solebat,
1100 1029 1440 1078 accuratissime,
1474 1044 1587 1084 quae
1618 1031 1741 1070 Euri-

376 1099 498 1154 pides
519 1098 658 1139 minus
680 1098 883 1139 curabat:
909 1098 984 1153 qui
1012 1112 1072 1140 vs·
1095 1098 1220 1139 1408.
1247 1100 1359 1156 μέσον
1389 1100 1423 1142 τ’
1445 1101 1572 1143 ἄκοντ’
1594 1103 1740 1162 ἔθραυ-

377 1187 440 1212 σεν
469 1171 527 1210 ita
558 1169 743 1218 scribat,
778 1170 899 1224 quasi
931 1184 1051 1209 suam
1081 1171 1171 1226 ipse
1202 1170 1366 1211 hastam
1398 1172 1584 1228 fregisset
1616 1174 1741 1214 Eteo-

378 1243 485 1291 cles,
529 1248 569 1281 et
612 1240 734 1280 1418.
778 1241 901 1295 quasi
944 1241 1055 1281 idem
1099 1248 1287 1282 ventrem
1328 1242 1418 1298 ipse
1454 1257 1576 1284 suum
1613 1245 1740 1285 traie-

376 1313 513 1355 cisset.

443 1381 553 1423 1413
578 1396 642 1438 sq.
686 1382 758 1423 καί
782 1398 862 1430 πως
893 1405 950 1411 ——
981 1384 1139 1438 χθονός.
1185 1383 1382 1424 Continet
1408 1400 1488 1433 πως
1518 1385 1740 1426 coniectu-

376 1469 468 1495 ram
502 1454 672 1502 nuncii,
716 1453 930 1493 Eteoclem
959 1452 1076 1493 hunc
1113 1454 1260 1494 dolum
1290 1455 1334 1495 in
1370 1455 1581 1496 Thessalia
1625 1456 1737 1496 didi-

379 1526 506 1566 cisse:
550 1524 664 1564 unde
706 1519 771 1565 χεῦ
802 1541 910 1579 πως,
952 1525 1251 1566 Valckenaerii
1292 1526 1498 1580 suspicio,
1550 1528 1738 1567 recusari

378 1596 520 1636 debet.
558 1595 695 1636 Recte
724 1596 918 1635 Klotzius
943 1600 1078 1644 νοήσας
1109 1596 1320 1650 pertinere
1345 1597 1510 1637 monuit
1534 1598 1589 1637 ad
1615 1598 1742 1655 ὁμιλίᾳ

378 1668 532 1723 χθονός.
578 1666 663 1706 Sed
689 1667 850 1706 alienae
879 1673 975 1706 sunt
1003 1667 1056 1706 ab
1089 1667 1173 1707 hoc
1204 1667 1300 1707 loco
1330 1667 1500 1708 fraudes
1526 1675 1565 1709 et
1593 1669 1740 1711 dolosa

379 1745 534 1779 natura
563 1738 881 1786 Thessalorum,
926 1738 979 1778 de
1017 1738 1174 1793 quibus
1214 1739 1349 1778 multa
1383 1739 1438 1779 ad
1469 1739 1510 1779 11.
1539 1740 1567 1779 l.
1602 1740 1739 1781 Scho-

379 1810 525 1850 liastae
542 1841 551 1859 ‚
579 1822 765 1864 quorum
787 1822 912 1848 nemo
930 1809 1144 1864 Euripidis
1169 1809 1295 1849 verba
1323 1809 1542 1850 intellexit.
1569 1811 1628 1850 Ex
1645 1811 1743 1852 ohs-

381 1881 492 1921 curis
535 1880 674 1922 verbis
710 1879 906 1934 Hesychii
946 1880 990 1920 in
1022 1895 1061 1920 v.
1104 1880 1231 1936 ὁμιλία
1275 1882 1438 1937 χθονός·
1473 1905 1530 1911 —-
1561 1880 1644 1924 ἀντὶ
1676 1886 1741 1924 τοῦ

381 1953 488 2010 πάλῃ
502 1987 518 2007 ,
555 1951 638 2011 περὶ
669 1952 746 2011 γὰρ
778 1953 845 1996 τὴν
876 1950 1002 1999 πάλην
1044 1950 1287 1994 ἐσπούδασαν
1317 1954 1348 1994 οἱ
1381 1951 1578 2009 Θηβαῖοι,
1620 1955 1741 1994 00111-

381 2038 454 2080 gas
485 2024 610 2064 fuisse
636 2023 711 2078 qui
742 2023 825 2063 hoc
857 2023 1034 2063 feriendi
1068 2024 1297 2064 adversarii
1327 2024 1546 2065 inventum
1576 2039 1598 2065 e
1626 2025 1742 2066 lucta

379 2101 643 2151 repeterent,
679 2108 809 2148 quam
841 2094 1032 2134 Eteocles
1059 2095 1102 2134 in
1136 2095 1349 2136 Thessalia
1381 2096 1606 2136 didicisset.

445 2165 569 2207 1415.
626 2164 848 2221 ἑξαλλαγείς
889 2166 1100 2221 aptissime
1140 2166 1244 2206 dicit
1284 2167 1495 2215 nuncius,
1539 2166 1745 2222 quoniam

383 2238 533 2278 sensim
574 2251 615 2277 se
655 2237 917 2277 subduxerat
958 2236 1151 2277 Eteocles
1189 2251 1238 2277 ex
1266 2238 1495 2286 conflictu,
1541 2244 1586 2277 ut
1618 2237 1748 2277 libere

386 2309 486 2349 dolo
514 2309 592 2348 isto
626 2310 686 2348 uti
718 2315 872 2362 posset.
905 2307 1171 2350 ἀπαλλάσσειν
1199 2315 1239 2348 01
1269 2307 1521 2358 ἐξαλλάσσειν
1550 2309 1594 2348 id
1626 2308 1747 2349 diffe-

387 2386 511 2428 runt,
547 2379 668 2434 quod
699 2380 1048 2434 praepositiones.

450 2450 574 2491 1424.
628 2450 690 2492 τὸν
730 2453 812 2491 νοῦν
853 2450 945 2510 πρὸς
988 2449 1101 2492 αὑτὸν
1143 2449 1209 2491 οὐκ
1252 2451 1365 2505 ἔχων.
1429 2450 1624 2490 Klotzius
1662 2463 1748 2489 non

388 2521 500 2564 αὐτόν
529 2522 717 2576 scripsit,
751 2522 825 2561 sed
857 2536 907 2562 ex
939 2523 1028 2561 aliis
1062 2521 1177 2561 libris
1207 2520 1348 2576 αὐτόν,
1380 2522 1408 2560 i.
1431 2534 1469 2560 0.
1499 2521 1744 2575 Polynicen]

389 2600 429 2632 01
459 2594 701 2647 proximum
731 2609 796 2634 νιν.
842 2593 1155 2635 Valckenaerio
1185 2591 1410 2632 videbatur
1443 2591 1621 2646 perinde
1662 2603 1747 2629 esse

388 2669 527 2702 utrum
557 2663 708 2702 horum
738 2663 918 2704 scribas:
949 2665 1096 2718 itaque
1130 2662 1350 2717 quomodo
1378 2663 1455 2702 ista
1485 2661 1744 2716 distinguen-

390 2733 444 2773 da
483 2733 562 2772 sint
593 2746 679 2772 non
711 2735 893 2788 aperuit.
959 2734 1041 2785 Qui
1088 2733 1200 2774 αὑτόν
1232 2732 1423 2773 scribunt
1496 2731 1663 2772 videant
1696 2743 1747 2769 110
