2020 3326
456 247 543 288 224
858 243 1421 287 COMMENTARIUS.

460 383 496 424 ἐν
528 388 597 439 γῆς
629 381 747 440 φίλοις
776 381 931 436 μυχοῖσι
953 379 1168 438 κρυφθῆναι
1188 378 1319 419 καλόν.
1365 378 1631 419 Hermannus
1663 386 1827 428 autem,

461 456 536 508 qui
565 454 625 493 sic
659 450 832 492 scribit:
1012 449 1062 498 ὡς
1091 448 1246 491 τοσόνδε
1277 452 1365 505 γοῦν
1397 449 1505 506 τύχω

696 521 837 578 χθονὸς
869 523 1082 581 πατρῴας,
1115 522 1171 563 κεί
1202 520 1341 577 δόμους
1372 520 1559 563 ἀπώλεσα
1574 556 1589 576 a

695 593 732 634 ἐν
762 599 832 649 γῆς
864 593 984 652 φίλοις
1016 595 1169 650 ὄχθοισι
1206 594 1421 652 κρυφθῆναι
1455 595 1564 652 τάφῳ
1578 627 1595 648 ,

461 665 712 705 sententiam
753 665 1005 713 continuat,
1062 664 1295 705 interiectis
1349 664 1406 705 κεῖ
1446 663 1585 721 δόμους
1627 663 1826 707 ἀπώλεσα.

459 737 552 776 Hoc
584 749 685 776 vero
724 749 811 776 non
843 736 1003 776 fecerat
1032 735 1172 784 Teles,
1217 736 1293 790 qui
1331 735 1513 776 substitit
1544 736 1588 776 in
1615 735 1847 790 damnem„

459 821 510 847 ac
538 813 634 862 post
661 807 890 847 refutatam
929 807 1047 847 illam
1076 807 1348 862 querelarum
1387 807 1599 862 Polynicis
1637 814 1830 863 partem,

457 877 635 918 adiecit:
683 877 747 919 καὶ
788 884 857 934 γῆς
898 878 1006 937 φίλης
1050 879 1200 934 &xamen
1230 879 1392 936 κρνφῖῖώ
1424 878 1488 919 καὶ
1521 881 1653 938 τάφῳε
1702 878 1834 933 idque

464 949 605 1004 aptius
641 950 838 1005 reliquis:
882 950 914 989 si
949 949 1126 1004 quidem
1166 949 1216 998 ὡς
1247 949 1400 992 τοσόνδε
1433 953 1521 1006 γοῦν
1550 951 1658 1007 τύχω
1691 949 1832 1006 χθονὸς

460 1021 649 1080 πατρῴας
687 1027 769 1061 est:
816 1026 866 1061 ut
901 1023 951 1061 z'n
984 1020 1065 1061 hoe
1095 1022 1257 1062 saltem
1280 1024 1489 1076 patriam
1521 1027 1692 1062 terram
1724 1020 1833 1061 obti-

462 1107 620 1144 neam;
645 1098 691 1132 ut
718 1092 918 1147 respiciat
946 1092 1170 1147 Polynices
1194 1106 1307 1148 quae
1335 1092 1466 1133 modo
1494 1093 1675 1134 dixerat:
1703 1092 1834 1148 θάψον

463 1163 507 1205 δέ
540 1163 579 1219 μ’
612 1187 670 1193 —
698 1162 736 1204 ἐν
769 1169 817 1221 γῇ
851 1165 1034 1222 πατρῴα.
1100 1164 1248 1213 Nunc,
1293 1164 1441 1204 addito
1482 1178 1605 1205 versu
1648 1163 1701 1204 de
1745 1177 1834 1219 quo

465 1235 735 1289 quaerimus,
793 1236 878 1276 sive
919 1236 1150 1275 Hermanni
1196 1235 1405 1276 rationem
1445 1249 1702 1290 sequamur,
1751 1234 1835 1275 sive

465 1306 675 1352 Teletem,
725 1306 926 1346 molestus
963 1306 1099 1346 oritur
1137 1307 1368 1346 sententiae
1404 1307 1586 1362 languor
1625 1312 1666 1346 et
1697 1304 1835 1346 abun-

467 1377 629 1417 dantia.
678 1376 840 1428 Quodsi
873 1377 990 1417 Teles
1021 1377 1261 1418 absolutam
1294 1377 1399 1418 dicti
1431 1378 1611 1418 formam
1641 1376 1835 1432 Polynici

463 1447 650 1488 tribuere
698 1448 859 1496 voluit,
907 1448 1037 1488 veluti
1079 1447 1214 1488 hanc:
1268 1449 1384 1490 καλὸν
1414 1448 1529 1508 φίλοις
1562 1449 1713 1505 ὅχθοισι
1743 1463 1835 1506 κρυ-

463 1521 605 1579 φθῆναι
628 1521 770 1577 τάφον,
802 1525 943 1559 tamen
969 1518 1251 1558 moribundus
1280 1519 1504 1574 Polynices
1531 1532 1619 1559 non
1644 1519 1836 1560 absolve-

466 1597 535 1630 tur
562 1589 850 1644 loquacitatis.
884 1589 985 1629 Mihi
1015 1589 1191 1643 quidem
1215 1590 1397 1630 dubium
1425 1604 1511 1630 non
1538 1590 1705 1631 videtur
1731 1590 1837 1645 quin

466 1661 583 1701 Telcs
613 1660 827 1715 scripserit
859 1660 979 1714 quod
1011 1659 1184 1700 Stobaei
1214 1661 1386 1701 codices
1428 1667 1672 1709 servarunt,
1719 1662 1834 1720 κρύφ-

464 1734 527 1773 &m
569 1731 634 1773 καὶ
678 1734 818 1790 τάφῳ,
860 1745 940 1771 nec
984 1730 1199 1771 dubitabit
1245 1733 1513 1787 quicumque
1557 1733 1701 1773 locum
1739 1732 1837 1772 Sto-

465 1803 561 1843 baei
603 1810 805 1843 accurate
847 1801 1143 1843 consideravit.
1188 1802 1301 1842 Nihil
1343 1804 1385 1843 in
1424 1804 1496 1843 illo
1534 1817 1656 1845 versu
1685 1817 1840 1858 parum

470 1888 697 1915 numeroso
738 1872 1017 1913 mutandum:
1067 1880 1107 1913 et
1150 1873 1233 1914 hoc
1278 1881 1317 1914 et
1360 1875 1527 1929 reliqua
1566 1874 1839 1915 incommoda

471 1946 655 1986 Teletem
685 1951 901 2000 praestare
932 1950 1118 2000 oportet.

532 2015 654 2056 1462.
699 2015 840 2076 ἥρπασ’
876 2015 917 2057 ἐκ
949 2020 1087 2075 νεκρῶν
1117 2013 1238 2074 ξίφος.
1283 2015 1418 2056 Aldus
1452 2023 1491 2056 et
1520 2022 1622 2056 vett.
1648 2015 1758 2055 Edd.
1796 2014 1837 2056 ἐκ

467 2091 611 2148 νεκροῦ.
656 2087 707 2126 Id
737 2087 932 2127 Klotzius
971 2087 1070 2126 inde
1109 2094 1258 2127 natum
1297 2086 1400 2127 dicit
1434 2086 1556 2142 quod
1591 2085 1839 2142 »putabant

471 2160 526 2200 ab
563 2172 649 2200 uno
686 2165 851 2199 tantum
886 2158 1070 2213 petitum
1108 2159 1232 2198 fuisse
1266 2158 1500 2214 gladium.’'
1545 2157 1755 2198 Putabam
1786 2157 1840 2197 ab

472 2244 558 2271 uno
589 2236 755 2270 tantum
784 2231 873 2285 peti
905 2229 1002 2270 satis
1030 2229 1154 2269 fuisse
1172 2258 1182 2278 ‚
1216 2235 1256 2269 et
1283 2235 1423 2269 tamen
1451 2228 1645 2269 debuisse
1668 2228 1842 2273 Poetam

469 2302 627 2357 plurali
667 2305 808 2360 νεκρῶν
850 2301 937 2349 uti,
983 2301 1014 2340 si
1053 2300 1237 2341 Eteoclis
1278 2313 1436 2340 nomen
1479 2313 1640 2355 ponere
1690 2299 1835 2340 nollet.

470 2374 576 2414 Nam
619 2379 665 2413 ut
704 2379 868 2413 certum
907 2378 966 2412 est
1008 2372 1225 2412 Eteoclem
1266 2371 1457 2427 gladium
1495 2385 1618 2411 suum
1648 2384 1670 2411 e
1701 2370 1839 2411 fratris

471 2451 617 2486 ventre
654 2443 908 2492 extraxisse,
954 2457 1090 2498 quum
1130 2442 1254 2483 armis
1293 2441 1411 2482 hunc
1454 2455 1605 2481 exuere
1641 2447 1835 2496 pararet,

473 2516 532 2556 ita
574 2515 790 2570 Polynicis
831 2513 1021 2570 gladium
1061 2514 1104 2554 in
1143 2513 1325 2554 Eteoclis
1365 2513 1539 2554 vulnere
1579 2511 1836 2552 remansisse.

468 2587 604 2634 Hinc,
647 2586 678 2625 si
713 2589 840 2645 νεκροῦ
872 2585 996 2641 legis,
1039 2584 1094 2624 ad
1123 2584 1315 2639 proxime
1347 2589 1726 2624 commemoratum
1757 2581 1838 2621 Po-

468 2656 652 2710 lynicem
676 2655 930 2712 pertinebit,
958 2669 1039 2696 nec
1069 2669 1217 2697 verum
1244 2654 1334 2695 erit.
1368 2653 1495 2694 Haud
1521 2659 1635 2693 recte
1663 2652 1835 2693 conser-

466 2732 536 2766 tur
564 2740 620 2768 vs.
652 2725 773 2767 1581.
811 2726 987 2781 λαβοῦσα
1020 2732 1160 2786 νεκρῶν
1193 2730 1301 2784 πάρα
1334 2728 1526 2784 φάσγανον
1539 2759 1555 2779 ‚
1599 2723 1719 2778 quod
1750 2722 1835 2763 dici
