2020 3326
666 251 1230 296 COMMENTARIUS„
1557 259 1636 299 189

258 406 442 448 pugnae
483 392 630 431 (deam
658 394 850 431 iaceres,
875 391 984 446 quid
1016 392 1166 434 nunc?
1210 400 1362 435 suntne
1393 395 1635 437 huiusmodi

262 464 519 512 sententiae,
566 463 639 503 ubi
680 464 850 519 μεθιέναι
889 464 1078 519 positum
1109 471 1191 514 est,
1238 466 1498 523 ambiguae?
1542 470 1638 510 Non

261 536 416 584 credo,
453 535 526 575 sed
558 549 725 576 versum
764 535 1126 576 Pleoem‘ssaremz
1156 538 1216 578 sic
1243 538 1524 595 interpretor:
1559 556 1637 598 ego

261 609 378 647 enim
404 609 526 661 ipse,
556 610 695 648 naisso
725 607 806 647 leoc
834 608 1025 647 <luorum
1053 612 1331 650 caeercituum
1365 616 1634 663 certamine,

262 679 388 718 solus
428 694 526 719 cum
565 680 661 719 solo
687 678 852 734 fratre
885 679 1111 735 pugnabo.
1164 680 1284 721 Idem
1325 682 1412 723 fere
1453 685 1631 739 repetit,

263 749 395 798 1240,
430 749 536 806 ὑμεῖς
570 748 608 791 δ’
631 751 748 807 ἀγῶν’
781 751 934 810 ἀφέντες
955 750 1135 809 Ἀργείαν
1166 754 1297 809 χθόνα
1320 755 1361 797 N
1366 755 1522 798 ίσσεσὲε
1534 791 1551 812 ,
1594 763 1635 797 ct

262 819 428 870 κίνδυνος
463 822 516 861 de
546 836 695 877 pugna
728 828 768 862 et
800 821 914 861 bello
946 822 1055 872 dici,
1088 830 1238 864 notum
1265 832 1339 867 est.
1383 827 1518 868 Litem
1543 841 1636 868 mo-

260 893 326 942 vi,
372 907 505 948 quam
535 893 760 948 quomodo
792 893 1013 933 diremturi
1053 894 1133 934 sint
1167 895 1448 952 intelligentes
1486 913 1635 954 exspe-

260 964 406 1005 ctabo.
450 964 535 1004 Sed
565 978 653 1005 non
684 966 820 1005 solum
852 964 1032 1005 Herael.
1059 964 1159 1006 808.
1193 966 1273 1024 ἐμοὶ
1297 971 1406 1025 μόνος
1429 973 1530 1029 μόνῳ
1553 975 1635 1027 μα’-

259 1053 332 1092 χην
363 1036 567 1091 συνάψας,
598 1043 638 1076 et
667 1036 915 1092 frequenter
943 1036 1156 1090 duplicati
1186 1039 1385 1082 adjectivi
1417 1045 1526 1099 μόνος
1555 1044 1633 1084 01)-

258 1108 437 1148 servatio
477 1121 544 1148 me
586 1114 758 1148 movent
799 1114 844 1147 ut
882 1121 940 1148 vs.
979 1108 1101 1149 1237.
1144 1123 1232 1150 non
1273 1113 1391 1171 τώμῷ
1429 1115 1503 1155 sed
1533 1118 1634 1173 μόνῳ

261 1179 469 1233 scriptum
496 1179 622 1219 fuisse
654 1185 827 1234 putem,
863 1178 935 1218 sed
966 1180 1075 1218 ratio
1106 1192 1200 1221 eam
1231 1185 1541 1226 correctionem
1573 1188 1635 1229 vi-

264 1250 389 1290 detui·
414 1250 731 1290 commendare.
762 1250 871 1292 Vera
898 1251 1147 1306 μονομαχία,
1179 1267 1293 1307 quae
1318 1257 1490 1311 utrique
1516 1271 1634 1299 exer-

262 1321 366 1361 citui
388 1321 612 1377 pugnandi
644 1320 780 1360 otium
808 1320 963 1369 faeiat,
998 1321 1107 1363 haec
1133 1330 1218 1372 est,
1261 1325 1292 1365 si
1318 1326 1511 1369 Eteocles
1537 1343 1634 1370 cum

262 1393 352 1432 solo
385 1392 589 1447 Polynice
621 1397 661 1431 et
695 1391 920 1446 Polynices
951 1405 1051 1433 curn
1082 1394 1171 1434 solo
1202 1395 1376 1438 Eteocle
1404 1408 1584 1456 pugnat.

324 1462 448 1503 1238.
495 1463 772 1517 Quamquam
802 1463 1072 1504 Hermannus
1100 1465 1143 1505 in
1169 1465 1307 1508 Praef.
1340 1476 1488 1511 notam
1516 1486 1637 1514 suam

258 1534 486 1575 delendam
515 1535 641 1574 fuisse
672 1540 843 1583 monet,
885 1542 1029 1576 tamen
1059 1536 1329 1592 interpunxi‚
1369 1548 1415 1581 ut
1443 1543 1513 1583 ille
1544 1546 1634 1599 pri-

258 1619 328 1646 mo
365 1607 581 1655 voluerat,
632 1606 703 1646 cui
745 1605 996 1661 typothetae
1031 1621 1118 1648 non
1149 1618 1399 1664 paruerunt.
1442 1613 1635 1657 Otiosum

259 1684 319 1718 est
350 1691 613 1733 pronomen,
659 1677 873 1732 Polynicis
903 1679 1062 1719 nomini
1100 1680 1319 1733 additum,
1357 1692 1397 1726 et
1427 1687 1633 1729 satisfacit

260 1748 361 1807 τῷδε
400 1750 445 1790 in
483 1763 571 1804 seq.
616 1762 761 1791 versu:
817 1749 1006 1806 denique
1049 1751 1152 1794 τόνδ’
1184 1755 1282 1797 οἶκον
1324 1756 1491 1813 flagitat
1536 1773 1629 1801 sen-

258 1822 403 1862 tentia.

319 1891 441 1933 1239.
501 1891 601 1948 τῷδε
633 1893 859 1953 παραδώσω
891 1896 1006 1953 μόνῳ.
1062 1896 1232 1938 Putavit
1266 1899 1461 1942 Klotzius
1498 1903 1627 1944 redu-

257 1964 442 2004 cendum
481 1978 562 2019 pro
603 1967 705 2023 μόνῳ
743 1980 830 2006 esse
873 1966 979 2008 πόλιν
991 2001 1008 2022 ,
1052 1968 1175 2023 quod
1216 1970 1383 2025 aliquot
1424 1973 1627 2014 codicum

258 2035 514 2075 auctoritate
546 2037 692 2077 locum
723 2045 904 2078 cesserat
933 2038 1099 2078 meliori
1130 2041 1247 2098 μόνῳ.
1292 2042 1434 2083 Monet
1463 2044 1527 2085 vir
1557 2046 1629 2086 do-

259 2106 489 2155 ctissimus,
527 2107 571 2147 in
604 2108 852 2148 conditione
883 2109 1059 2163 publice
1089 2113 1313 2167 proposita
1346 2121 1493 2168 aperte
1522 2117 1627 2171 poni

258 2177 451 2217 debuisse
478 2191 634 2218 nomen
659 2179 814 2231 urbc'35
848 2179 920 2219 sed
945 2179 1071 2220 distat
1097 2183 1235 2235 poesis
1263 2183 1317 2223 ab
1344 2184 1627 2228 formularum

258 2248 551 2289 accuratione.
596 2249 724 2300 Quod
752 2256 896 2291 autem
922 2252 1023 2308 μόνῳ
1058 2252 1388 2309 interpolatione
1422 2258 1522 2298 oriri
1553 2273 1628 2314 po-

259 2320 384 2360 tuisse
415 2319 542 2368 dicit,
586 2320 689 2360 mihi
730 2328 880 2361 contra
920 2322 1088 2363 videtur
1118 2326 1220 2382 μόνῳ
1258 2327 1509 2381 exquisitius
1540 2344 1626 2371 esse

258 2405 391 2446 quam
422 2390 555 2445 πόλιν,
588 2392 709 2446 quod
741 2392 915 2433 librario
935 2394 1000 2433 vel
1017 2394 1209 2436 histrioni
1235 2397 1361 2438 facile
1377 2412 1626 2442 succurrere

257 2463 420 2503 debuit.
457 2463 681 2517 Euripides
712 2463 829 2504 haud
856 2464 1020 2520 absque
1045 2467 1221 2507 consilio
1247 2468 1462 2511 Eteoclem
1486 2472 1623 2513 domi-

255 2534 388 2574 nandi
417 2534 626 2589 cupidum
655 2542 809 2590 quater
838 2536 968 2578 verbo
998 2539 1105 2593 μόνος
1134 2545 1322 2581 utentem
1352 2541 1456 2583 facit
1484 2544 1529 2585 in
1558 2544 1623 2585 his

260 2605 394 2645 tribus
424 2605 625 2646 versibus.

319 2675 440 2716 1242.
485 2677 675 2737 Σπαρτῶν
705 2693 744 2719 τε
775 2678 865 2727 λαὸς
898 2679 978 2729 ἅλις
1018 2684 1100 2730 ὅσος
1131 2684 1250 2737 κεῖται
1282 2685 1423 2744 νεκρός.
1481 2686 1620 2728 Vacil·

256 2749 313 2788 lat
357 2747 426 2787 hic
472 2762 613 2790 versus
658 2750 862 2792 varietate
908 2752 1036 2793 trium
1080 2754 1390 2797 vocabulorum
1434 2771 1622 2813 quorum
