2020 3326
404 203 484 243 144
795 199 1356 241 COMMENTARIUS.

396 338 459 379 Cf.
485 337 693 380 Valcken.
725 335 779 375 ad
805 348 862 375 vs.
886 333 986 373 394.
1017 333 1262 383 Praeterea,
1289 335 1322 374 si
1346 336 1653 376 continuantur
1673 336 1757 379 740

396 415 435 448 et
465 407 571 455 742,
602 406 757 446 exsistit
782 411 949 459 tempus
982 416 1203 459 praesens,
1243 405 1365 459 quod
1395 407 1599 446 sententia
1627 421 1755 462 repu-

395 479 507 518 diat:
538 483 683 517 narrat
711 475 822 515 enim
851 474 990 515 Creon
1019 488 1133 529 quae
1155 474 1304 531 Argivi
1326 475 1488 525 faeere
1513 480 1757 517 constitue-

394 554 514 589 rant.
546 548 810 588 Restituetur
833 546 894 587 vis
917 546 1050 585 futuri
1071 546 1227 586 iunctis
1250 548 1543 606 προςτετάχθοιι
1565 571 1622 577 -
1643 564 1756 607 προς-

393 620 563 661 κεῖσὲαι.
611 618 732 669 Quae
763 631 899 672 quum
929 617 988 656 ita
1017 617 1120 665 sint,
1168 618 1293 658 valde
1324 618 1571 659 debilitatur
1598 619 1658 659 vis
1687 620 1758 659 illa

393 697 433 730 et
457 689 721 732 vehementia
751 687 966 743 asyndeti‚
1003 701 1116 742 quae
1142 688 1174 727 si
1203 689 1503 743 requiruntur,
1536 689 1653 730 haud
1680 691 1759 730 mi-

394 775 519 802 nores
548 767 694 809 crunt,
725 759 906 799 admisso
937 762 1121 807 ἄνακτας.
1149 784 1206 788 —
1233 759 1464 816 Angustiae
1491 775 1631 802 versus
1660 765 1758 801 coii-

393 839 546 889 gerunt
573 832 749 872 Poetam
780 836 845 878 ut,
881 831 1040 870 omissis
1071 835 1165 878 ὥςτε
1196 829 1263 872 σὺν
1295 832 1465 888 τούτοις,
1499 833 1759 872 contractius

395 906 557 945 diceret
590 902 712 958 quod
750 902 897 957 lingua
941 915 1028 942 non
1060 909 1293 957 respueret.
1326 903 1611 945 Vertendum:
1662 909 1758 944 tur-

395 979 479 1017 mz's
503 989 749 1031 praeesse,
782 973 1047 1028 quibuscum
1079 979 1245 1029 septem
1267 980 1433 1030 portas
1459 974 1756 1015 adoriantur.-

396 1049 440 1088 in
471 1060 560 1102 quo
590 1046 744 1086 infinit.
793 1045 1031 1104 προςκεΐσθαι
1060 1059 1148 1085 non
1178 1045 1232 1085 ab
1264 1046 1353 1086 solo
1383 1047 1562 1088 ἀνάσσειν
1574 1081 1591 1101 ,
1633 1047 1706 1086 sed
1737 1061 1759 1087 a

399 1117 715 1173 comprehensis
741 1118 1034 1176 προςτετάχθαι
1065 1117 1246 1158 ἀνάσσειν
1274 1117 1449 1172 pendet.
1482 1118 1602 1157 Idem
1629 1118 1761 1173 paulo

398 1196 494 1246 post
525 1189 717 1229 obtinere
748 1196 948 1244 apparet,
987 1204 1048 1231 vs.
1077 1187 1162 1230 744
1192 1203 1291 1244 sqq.
1333 1189 1364 1228 si
1395 1195 1509 1229 recte
1556 1202 1761 1229 consecu-

400 1262 458 1301 tio
499 1259 729 1301 verborum
765 1260 1021 1300 attenditur:
1069 1259 1153 1302 ἕπτ’
1186 1259 1332 1320 ἄνδρας
1364 1260 1446 1302 ἑλοῦ
1478 1259 1605 1316 λόχων
1635 1261 1762 1302 ἀνάσ-

399 1349 470 1374 σειν
484 1367 500 1387 ,
532 1356 588 1361 -
618 1331 768 1387 ἀμύνειν
801 1333 955 1388 τειχέων
985 1330 1288 1389 προςαμβάσεις.

462 1403 560 1446 751.
613 1402 859 1463 ἑπτάπυργον
892 1403 928 1452 ἐς
960 1403 1065 1444 πόλιν
1098 1405 1239 1460 μολών.
1293 1405 1580 1444 Her-mannus:
1630 1403 1764 1442 »Mihi

403 1475 462 1514 sic
495 1474 638 1514 dicere
669 1474 837 1516 videtur
866 1475 1058 1515 Eteocles
1077 1504 1088 1524 ‚
1123 1481 1170 1515 ut
1199 1475 1409 1531 significet
1439 1489 1480 1514 se
1508 1488 1585 1530 per
1615 1473 1766 1514 urbem

401 1545 455 1585 ad
488 1559 631 1584 omnes
661 1551 822 1600 septem
845 1552 990 1600 portas
1022 1546 1224 1586 iturum.''
1268 1547 1389 1587 Hanc
1417 1546 1667 1586 sententiam
1698 1559 1763 1585 re-

403 1616 515 1671 quiri
552 1615 768 1665 concede,
807 1616 944 1657 verbis
973 1617 1104 1656 inesse
1136 1631 1224 1657 non
1256 1624 1385 1673 puto:
1419 1624 1567 1672 estque
1598 1617 1671 1656 illa
1700 1616 1764 1656 in-

402 1687 648 1742 terpretatio
697 1686 902 1727 eiusmodi
943 1688 1092 1741 quales
1124 1688 1232 1728 ferre
1263 1695 1459 1744 oporteat
1489 1687 1762 1735 dubitanter,

404 1758 542 1798 donec
582 1758 731 1797 melius
772 1758 880 1813 quid
909 1764 1125 1812 repertum
1156 1759 1222 1798 sit.
1274 1759 1381 1799 Nam
1410 1773 1488 1799 cur
1517 1758 1766 1813 Euripidem

406 1828 671 1869 subabsurde
704 1829 916 1884 scripsisse
945 1835 1167 1884 putemus,
1205 1844 1341 1884 quum
1372 1836 1574 1870 accurate
1601 1829 1765 1884 potuis-

405 1907 486 1940 set:
532 1902 639 1941 ’ἔσται
671 1898 788 1941 τάδ’·
827 1899 1076 1960 ἑπτάπυργον
1108 1899 1144 1948 ἐς
1176 1902 1305 1956 τεῖχος
1328 1900 1467 1957 μολών.
1509 1900 1585 1955 (cf.
1612 1914 1672 1941 vs.
1697 1899 1765 1941 79.

405 1971 612 2014 ἑπτάπυλα
643 1972 767 2028 τείχη.
806 1978 845 2011 et
873 1970 976 2026 978)
997 2003 1006 2021 ,
1048 1972 1113 2012 vel
1145 1972 1320 2021 melius,
1362 1972 1527 2027 quippe
1562 1977 1692 2026 poeta
1728 1976 1768 2010 et

409 2044 615 2099 graecus?
652 2044 701 2083 In
729 2043 811 2083 hac
841 2043 1030 2083 omnium
1059 2037 1327 2083 dubitatione
1353 2043 1654 2099 corrigendum
1674 2055 1770 2097 pro-

405 2128 543 2169 pono:
586 2114 832 2174 ἑπτάπυργον
874 2114 909 2162 ἐς
941 2114 1069 2155 πόλον.
1126 2114 1316 2156 Variavit
1348 2114 1432 2154 hoc
1462 2114 1618 2154 Poeta:
1660 2113 1769 2153 infra

410 2185 535 2226 1086.
586 2186 828 2247 ἑπτάπυργοι
870 2185 1087 2247 περιβολαί.
1149 2185 1274 2226 1362.
1322 2187 1476 2242 τειχέων
1517 2184 1764 2245 περιπτυχαί.

412 2257 573 2308 Quidni
604 2258 689 2299 hoc
722 2257 925 2306 auderet,
965 2272 1101 2312 quum
1130 2257 1337 2313 potuisset
1366 2257 1611 2317 ἑπτάπυργον
1642 2256 1678 2304 ἐς
1708 2256 1770 2297 κύ·

407 2327 522 2384 κλον,
544 2329 570 2369 i.
590 2343 625 2369 e.
657 2329 790 2370 κύκλον
813 2334 888 2371 τῶν
910 2328 1007 2372 ἑπτὰ
1029 2329 1199 2388 πύργων,
1230 2328 1351 2384 quod
1374 2330 1557 2369 coniecit
1581 2329 1770 2383 Musgra-

408 2400 520 2449 vius,
560 2407 601 2439 et
628 2401 840 2441 Porsonus
870 2401 1003 2456 paulo
1032 2400 1231 2456 cupidius
1260 2400 1450 2455 recepit?
1485 2400 1583 2439 Scio
1614 2398 1667 2438 de
1697 2398 1770 2437 illo

409 2484 487 2510 usu
515 2471 717 2511 vocabuli
746 2472 859 2520 πόλος
898 2471 1085 2512 dubitari
1118 2485 1263 2527 posse,
1306 2471 1376 2511 cui
1405 2471 1661 2525 plerumque
1688 2469 1770 2508 cir-

412 2542 639 2581 cumeundi
671 2550 811 2583 motus
843 2542 1057 2582 tribuatur
1088 2542 1227 2597 (quod
1256 2542 1397 2582 iocose
1422 2540 1494 2580 sed
1523 2552 1619 2580 vere
1644 2539 1771 2594 signi-

408 2611 512 2651 ficat
543 2612 826 2654 Pisthetaerus
855 2614 898 2653 in
929 2612 1120 2662 Αυίόιις,
1156 2611 1230 2653 181
1265 2626 1361 2667 sqq.
1407 2611 1483 2667 qui
1520 2610 1770 2650 loeus'cum

411 2681 493 2722 hoc
520 2682 732 2738 Euripidis
764 2684 1049 2725 conferendus
1075 2690 1156 2725 est:
1200 2695 1464 2738 quamquam
1497 2694 1638 2736 neque
1665 2694 1767 2721 eon-
