2020 3326
574 227 1143 272 COMMENTARIUS.
1472 232 1546 273 101

169 384 260 417 τινες
304 367 369 409 καὶ
413 366 455 410 τὸ
487 366 565 409 ἀπὸ
599 366 734 417 Γάζης
767 367 902 425 μέχρις
934 366 1130 423 Αἰγύπτου
1171 367 1337 426 πέλαγος
1380 370 1551 412 Ἰόνιον

166 439 351 497 λέγεσθαι
383 440 516 497 ὁμοίως
548 439 626 483 ἀπὸ
659 446 725 488 τῆς
761 440 877 488 Ἰοῦςε
904 454 981 495 per
1008 440 1116 480 illud
1148 447 1291 481 autem
1320 456 1438 483 nunc
1465 444 1549 484 vir-

168 513 307 568 gines,
341 513 548 568 quoniam
577 513 778 553 adversus
815 512 868 552 ab
901 512 1048 552 Siculo
1080 513 1186 552 mari
1220 513 1442 570 Zephyrus
1471 515 1550 555 im-

168 584 396 639 pedivisset
443 598 532 640 quo
571 585 711 624 minus
753 583 941 638 Delphos
980 584 1253 640 navigarent,
1299 586 1551 642 remigando

167 655 334 696 Thebas
361 656 600 711 pervenisse
629 680 708 695 -—-.
749 655 844 696 Non
868 656 1077 696 concedo·
1121 656 1164 696 Si
1194 657 1376 713 virgines
1410 665 1552 701 tamen

168 734 343 769 ventum
388 728 653 768 contrarium
696 734 1005 783 superaverunt
1043 729 1295 784 remigando
1327 729 1382 770 ad
1413 730 1552 772 sinum

170 813 307 854 usque
349 799 631 849 Saronicum,
681 800 745 841 vel
785 800 929 855 potius
967 799 1023 839 ad
1056 813 1175 840 oram
1207 800 1432 851 Boeotiae,
1477 809 1544 852 et,

167 871 290 926 quod
324 871 534 921 coniicio,
569 877 743 927 portum
776 871 963 920 Aulidis,
1001 871 1109 926 quid
1136 885 1246 927 opus
1272 873 1351 913 suit
1382 880 1428 914 ut
1454 888 1548 915 ver-

166 956 235 982 sus
276 943 498 982 meridiem
539 949 579 983 et
624 943 871 998 Aegyptum
916 944 1232 998 navigationem
1276 945 1550 1001 inciperent?

165 1014 262 1055 Non
294 1029 445 1055 recuso
484 1015 662 1055 doctum
694 1015 978 1054 testimonium
1005 1014 1238 1064 Eustalhii,
1275 1029 1326 1056 ex
1358 1017 1551 1072 pleniore

166 1101 299 1142 quam
346 1101 463 1127 nunc
510 1086 717 1127 habemus
762 1086 971 1141 Stephani
1020 1087 1116 1127 loco
1164 1087 1430 1139 dcsumtum3
1473 1090 1548 1130 scd

166 1158 209 1198 in
239 1165 412 1214 promtu
444 1165 503 1199 est
535 1159 810 1206 coniectura,
846 1157 1025 1212 intelligi
1060 1157 1114 1197 ab
1146 1158 1350 1213 Euripide
1381 1167 1550 1215 partem

166 1229 298 1286 Aegei
344 1230 471 1270 maris
516 1230 638 1285 quod
685 1229 849 1269 Ioniam
892 1228 1104 1279 alluebat3
1160 1243 1317 1270 verane
1361 1232 1439 1281 sit,
1496 1246 1552 1273 an

164 1302 294 1358 vulgo
337 1302 501 1341 dictum
541 1301 709 1341 Ionium
739 1315 856 1341 mare
892 1300 1180 1356 intelligatur,
1223 1315 1302 1358 ego
1334 1302 1548 1359 dispicere

164 1387 350 1429 nequeo.
417 1374 510 1413 Hoc
551 1373 663 1412 enim
704 1379 867 1421 sumto,
916 1371 1043 1427 ἐλοξτᾳ
1083 1373 1322 1414 necessario
1354 1388 1442 1416 non
1476 1391 1547 1417 re-

165 1459 306 1494 mum,
365 1458 450 1485 sem
498 1459 658 1485 navem
714 1445 952 1500 significat,
1003 1446 1286 1500 sequiturque
1321 1462 1548 1503 prospero

163 1522 290 1558 vento
326 1515 462 1571 (quali
503 1530 603 1557 sane
636 1530 731 1557 usas
758 1530 843 1556 esse
870 1517 1036 1557 futuras
1063 1516 1275 1573 Apollinis
1310 1519 1548 1571 ministras,

164 1594 345 1644 propter
388 1588 663 1644 religionem,
711 1587 849 1643 malis)
897 1589 952 1629 ad
992 1589 1214 1630 introilum
1251 1591 1364 1631 sinus
1395 1590 1548 1633 Corin-

163 1659 296 1700 thiaci
326 1661 586 1715 pervenisse,
622 1660 770 1716 ibique
792 1661 998 1704 κάλλιστον
1030 1661 1238 1719 κελάδημα
1258 1663 1444 1718 Zephyri
1476 1679 1547 1705 eas

165 1738 444 1786 prosecutum
489 1746 576 1772 esse
611 1733 667 1773 ad
708 1734 897 1789 aliquem
942 1740 1117 1789 portum
1151 1748 1290 1790 prope
1321 1734 1545 1776 Isthmum.

165 1801 316 1844 Obstat
361 1817 462 1844 vero
500 1804 622 1859 quod
657 1804 764 1845 nihil
808 1805 963 1845 horum
993 1805 1123 1846 Poeta
1171 1808 1543 1857 commemoravit,

162 1888 244 1915 nec
281 1888 453 1915 necesse
490 1875 570 1915 fuit
609 1876 776 1917 Thebas
809 1876 1054 1933 petentibus
1087 1877 1431 1934 Peloponnesum
1462 1879 1546 1919 cir-

166 1947 482 2001 cumnavigare.
545 1947 668 1988 Hanc
709 1949 839 2004 igitur
890 1949 1226 2003 disputationem
1269 1950 1414 2000 mitto3
1468 1950 1543 1992 Sed

164 2017 301 2066 unde,
344 2016 546 2067 obsecro,
588 2019 833 2059 didicerunt
865 2019 1124 2076 Interpretes
1157 2020 1406 2061 Phoenissas
1424 2036 1538 2076 pro-

156 2094 268 2144 pter
300 2088 540 2129 adversum
570 2095 750 2130 ventam
782 2090 949 2131 Thebas
979 2093 1242 2146 pervenisse,
1278 2107 1413 2147 quum
1444 2092 1543 2134 Del-

160 2160 272 2217 phos
310 2167 455 2216 petere
496 2161 758 2202 voluissent?
803 2163 938 2203 Immo
984 2163 1206 2204 Boeotiam
1246 2164 1453 2220 attingere
1484 2165 1538 2206 ab

164 2232 285 2272 initio
318 2233 652 2282 constituerunt,
691 2233 832 2289 (quod
859 2235 943 2274 iam
974 2236 1177 2290 suspicati
1209 2235 1427 2286 videntur,
1458 2238 1536 2292 qui

164 2310 267 2344 teste
312 2303 553 2344 Scholiasta
602 2304 893 2354 tradiderunt,
943 2306 1008 2347 vel
1049 2306 1290 2356 finxerunt,
1336 2307 1390 2347 ab
1417 2308 1539 2349 Euri—

161 2376 264 2430 pide
296 2376 528 2431 significari
568 2377 611 2418 τὸ
655 2377 743 2419 κατ’
775 2376 943 2432 Εὔβοιαν
976 2377 1141 2435 πέλαγος
1156 2414 1172 2434 ,
1214 2379 1257 2421 τὸ
1288 2379 1371 2440 περὶ
1405 2379 1538 2424 Ἰονίαν

165 2447 270 2491 πόλιν
303 2446 474 2502 Εὐβοίας
487 2447 545 2503 ,),
593 2449 726 2504 idque
762 2463 812 2489 eo
851 2450 1027 2489 consilio
1060 2457 1105 2490 ut
1132 2451 1318 2506 primum
1347 2452 1536 2503 Thebas,

172 2520 361 2575 indeque
388 2521 578 2575 Delphos
612 2521 1013 2576 proficiscerentur:
1047 2522 1169 2576 quod
1198 2523 1276 2562 nisi
1305 2532 1432 2574 esset,
1465 2540 1544 2567 eur

166 2591 379 2641 dicerent,
412 2607 470 2634 vs.
490 2592 576 2633 218
600 2607 694 2649 sqq.
724 2592 821 2635 Κατ)
823 2594 933 2650 μείων
957 2593 1087 2650 ἔμολον
1108 2601 1183 2650 γόὶν
1197 2630 1214 2650 ,
1247 2595 1397 2639 κλεινῶν
1417 2597 1540 2655 Ἀγη-

164 2661 320 2723 νοριὸοῖν
360 2664 546 2722 ὁμογενεῖς
590 2663 649 2708 ἐπὶ
691 2665 820 2708 Λαίου
854 2666 1128 2726 πεμφθεῖό
1163 2665 1310 2728 ἑνῗὲοἱὸε
1341 2670 1538 2730 πύργονςῖ)

169 2748 247 2776 cur
276 2750 334 2779 vs.
363 2735 463 2778 283.
513 2736 716 2796 Ἀγήνορος
761 2736 804 2781 δὲ
846 2738 982 2788 παῖδες
1015 2738 1056 2781 ἐκ
1089 2739 1237 2783 παίδων
1268 2739 1378 2802 δορὸς
1408 2742 1540 2803 Φοίβῳ
