2020 3326
559 230 1124 272 COMMENTARIUS.
1443 228 1531 269 223

166 388 252 429 que
294 385 418 427 aegre
450 370 646 410 moritur.
694 366 810 407 llaec
846 367 1068 422 quomodo
1101 367 1156 407 ad
1187 367 1366 407 halitum
1399 373 1534 406 trans·

170 445 266 485 sci-ri
298 443 457 499 possint
498 455 584 481 non
617 440 821 495 intelligo.
884 439 1066 481 Videtur
1106 439 1363 494 Interpretes
1404 438 1534 493 fugis-

170 532 212 557 se
250 517 313 556 his
344 514 531 570 opponi,
573 510 695 553 1448.
741 511 794 551 de
827 511 1047 565 Polynice:
1085 510 1103 551 ὁ
1135 509 1172 551 δ’
1194 507 1237 555 ἦν
1267 509 1319 551 ἔτ’
1352 511 1535 566 ἔμπνους,

170 590 195 628 1.
225 602 261 628 e.
296 588 368 627 11ίο
399 587 641 625 etiamnum
670 583 859 623 libemus
885 582 1146 637 respirabat
1160 598 1172 621 .·
1208 583 1313 622 alter
1338 596 1426 621 non
1456 583 1535 621 mi-

170 674 249 700 nus
278 658 528 707 ὂυςὲνήσκωυ
555 662 644 695 erat
675 669 808 710 quam
838 654 990 694 frater:
1024 654 1150 694 ambo
1181 660 1295 694 certe
1323 667 1381 693 vs.
1412 652 1534 693 1460.

170 731 264 772 und
298 731 482 770 animani
516 727 718 767 reddunt.
766 726 874 765 Hinc
917 726 1110 780 sequitur
1147 726 1189 765 iu
1232 723 1436 772 &off-mov
1476 725 1537 764 la-

172 810 260 843 tere
290 800 645 857 significationem
675 798 861 837 difficilis
891 797 1074 845 halitus,
1116 796 1231 836 unde
1260 797 1443 836 moriens
1474 796 1536 835 lo-

173 875 250 929 qui
290 874 358 914 vix
387 872 531 927 possit.
586 869 858 924 Scriptumnc
892 869 1020 908 suerit
1051 867 1261 917 ὃύςληπτον
1295 867 1541 924 (emc'llebat

172 948 388 1001 spiritam
419 956 552 999 aegre
583 940 830 994 collectum)
866 953 921 980 an
951 940 1100 988 aliud,
1133 941 1306 996 ignoro;
1341 939 1543 986 ὃύςτὶητον

177 1031 276 1057 sane
316 1028 543 1071 perperam
579 1013 633 1053 ab
671 1011 886 1052 nonnullis
916 1011 1148 1067 probatur:
1193 1025 1279 1051 non
1310 1011 1421 1051 enim
1452 1012 1543 1065 ipsa

174 1087 396 1143 respiratio
437 1086 630 1125 dolorem
667 1083 788 1123 affert
818 1083 1035 1131 morienti,
1083 1083 1157 1122 scd
1187 1096 1391 1139 angorem
1423 1082 1544 1122 affert

176 1160 368 1200 desectus
402 1156 703 1211 respirationis.

240 1229 362 1270 1445.
417 1227 538 1287 ὑγρὰν
569 1227 684 1284 χέρα.
730 1225 961 1265 Dicaturne
1004 1237 1029 1263 a
1064 1223 1196 1264 Poeta
1236 1224 1420 1264 Eteoclis
1453 1237 1544 1263 ma-

176 1316 256 1342 nus
283 1302 509 1355 sanguine
534 1296 737 1345 madida,
767 1309 821 1335 an
850 1296 1074 1351 languens
1103 1300 1145 1334 et
1171 1294 1354 1343 debilis,
1390 1309 1444 1334 an
1470 1294 1545 1333 <le-

178 1374 311 1428 nique
345 1371 493 1430 λυγράν
522 1367 796 1409 scribendum
827 1367 901 1415 sit,
938 1372 1105 1407 certant
1136 1366 1408 1421 Interpretes.
1461 1366 1544 1405 Nisi

178 1446 377 1485 retineret
406 1442 588 1482 collatus
619 1438 753 1494 Soph.
792 1437 948 1493 Antc'g.
982 1436 1105 1478 1214.
1146 1437 1199 1477 de
1234 1437 1474 1477 Haemone:
1510 1436 1546 1485 ἐς

178 1515 215 1557 δ’
238 1515 350 1575 ὑγρὸν
390 1511 536 1571 ἀγκῶν’
579 1511 629 1553 ἔτ’
671 1513 820 1570 ἔμφρων
860 1510 1043 1569 παρθένῳ
1089 1508 1421 1569 προςπτύσσεται,
1475 1508 1548 1548 ubi

179 1587 298 1627 haud
343 1585 473 1626 dubie
515 1582 842 1638 intelligendum
888 1581 1114 1621 brachium
1138 1581 1310 1636 jlexz'le
1350 1579 1548 1620 debilita-

123 1699 128 1705 ,
182 1665 248 1707 te,
294 1664 334 1698 et
368 1658 545 1704 laxum,
586 1660 761 1710 putares
802 1653 855 1693 ab
899 1652 1104 1708 Euripide
1148 1651 1333 1692 Eteoclis
1375 1665 1550 1691 manum

181 1730 267 1770 dici
312 1728 538 1769 madidam
587 1726 776 1774 sudore,
839 1738 969 1780 quem
1027 1724 1215 1764 emittere
1271 1723 1406 1763 solent
1473 1722 1551 1777 qui

185 1802 333 1842 amisso
364 1800 570 1855 sanguine
611 1797 850 1851 deliquium
890 1795 1017 1836 animi
1047 1795 1299 1851 patiuntur,
1340 1794 1405 1834 vel
1435 1806 1550 1832 mor-

183 1874 214 1913 ti
252 1872 435 1928 proximi
476 1876 586 1910 sunt.
658 1868 758 1908 Mihi
809 1881 898 1907 non
945 1867 1106 1921 liquet:
1164 1872 1395 1919 utrumque
1439 1864 1552 1904 enim

187 1959 286 1984 cum
328 1942 485 1982 affectu
526 1941 612 1980 dici
656 1939 822 1995 potuit;
876 1952 1039 1978 manus
1086 1942 1275 1978 cruenta
1320 1949 1421 1977 vero
1464 1949 1553 1976 non

183 2016 261 2056 nisi
305 2028 405 2054 cum
445 2013 645 2052 horrore:
689 2010 765 2049 etsi
803 2023 858 2049 ne
893 2009 953 2049 sic
984 2009 1162 2064 quidem
1208 2008 1295 2048 sine
1337 2006 1552 2062 sanguinis

184 2086 412 2126 mentione.

249 2156 372 2197 1456.
425 2153 566 2211 χθονὸς
596 2154 782 2212 πατρῴας
812 2151 894 2193 κτὲ.
941 2150 1152 2191 Indicavit
1186 2149 1549 2197 Valckenaerius,
1586 2165 1598 2173 Δ

189 2229 395 2277 Teletem‚
431 2227 516 2266 sive
543 2225 741 2273 Bionem,
777 2223 896 2279 apud
924 2221 1043 2262 Stob.
1073 2222 1120 2260 T.
1141 2222 1227 2261 XL.
1254 2236 1300 2276 p.
1325 2221 1426 2260 233.
1454 2227 1551 2275 post

189 2300 307 2340 hunc
334 2311 499 2340 versum
533 2296 663 2335 alium
688 2295 858 2350 legisse,
898 2294 975 2349 qui
1000 2306 1116 2333 nunc
1147 2293 1190 2332 in
1219 2291 1442 2332 codicibus
1468 2305 1555 2332 non

192 2377 396 2427 apparet:
440 2368 503 2410 καὶ
538 2374 607 2426 γῆς
638 2367 745 2424 φίλης
776 2367 928 2423 ὅχΞὊισι
959 2366 1121 2425 κρυφὲῶ
1152 2363 1216 2405 καὶ
1247 2366 1372 2423 τάφῳ.
1426 2364 1552 2403 Hunc

190 2443 406 2499 ingeniose
445 2441 622 2496 quidem
649 2438 817 2479 refinxit
847 2438 1134 2485 Hermannus,
1176 2435 1427 2490 aptavitque
1457 2448 1552 2475 sen-

191 2514 366 2555 tentiae:
407 2512 526 2553 haud
567 2511 696 2551 dubie
738 2509 849 2550 enim
885 2509 928 2549 in
955 2508 1105 2548 Teletis
1142 2507 1294 2547 codice
1321 2506 1553 2561 Euripides)

190 2586 397 2640 scriptum
422 2584 560 2623 fuisse.
600 2582 744 2623 Potius
774 2581 947 2621 credam
975 2579 1013 2619 ei
1042 2580 1100 2619 sic
1128 2579 1262 2620 visum
1292 2578 1438 2626 fuisse,
1469 2591 1554 2617 me-

191 2657 438 2710 moriaeque
467 2655 556 2695 eius
585 2653 809 2694 inhaesisse
839 2651 1089 2692 sententiam
1133 2649 1305 2690 aliunde
1352 2649 1552 2704 deprom-

191 2734 295 2768 tam:
326 2741 438 2782 quae
467 2726 586 2782 apud
609 2726 729 2780 Diog.
756 2725 828 2765 La.
858 2723 930 2767 lV.
955 2724 1025 2764 25.
1056 2721 1183 2763 habet
1206 2721 1319 2762 hanc
1347 2721 1549 2761 formam:
