2020 3326
457 260 542 302 252
951 254 1315 298 ΣΧΟΛΙΑ

516 395 735 449 Ἑκάβης
773 396 890 441 παῖς
930 392 1091 449 γεγὼς
1134 398 1219 441 της
1260 393 1505 441 Κισσέως;
1550 396 1600 436 τοὶ
1631 397 1712 457 περὶ
1743 400 1809 444 τὴν

455 466 629 522 Ἑκάβην
658 467 675 490 9
716 465 903 525 διαφόρως
944 465 1124 524 ἱςορεῖται
1146 465 1195 504 ¹⁰.
1250 464 1454 524 Φιλόχορος
1477 471 1507 503 11
1551 466 1617 522 μὲν
1656 470 1732 528 γάρ
1772 470 1810 511 ἐν

455 544 509 596 τῷ
539 538 622 599 περὶ
663 537 890 599 τραγῳδιῶν
929 536 1110 596 Χοιρίλην
1141 535 1260 582 αὐτήν
1299 552 1385 596 φησι
1416 537 1607 581 καλεῖσθαι
1629 543 1678 580 ¹2.
1723 541 1809 591 ἴσως

454 609 498 653 δὲ
529 611 596 653 διὰ
629 611 671 654 τὸ
702 609 926 653 πολύπαιδα
956 609 1192 667 γεγενῆσθαι.
1249 610 1271 654 ἡ
1303 610 1380 670 γαρ
1413 613 1538 670 χοῖρος
1570 611 1695 654 πολλοὶ
1725 615 1806 655 τίκ-

452 698 532 738 τει,
574 683 638 725 καὶ
671 683 707 726 ἐν
728 683 761 708 13
794 685 869 732 τοῖς
900 682 1092 743 Ὀρφικοῖς
1128 683 1159 723 οἱ
1190 685 1312 742 χοῖροι
1343 681 1483 738 ἑκάβαι
1514 685 1809 744 προσαγορεύον-

451 773 528 798 ται.
583 757 614 797 οἱ
658 756 702 798 δὲ
734 754 848 798 λοιποὶ
880 758 1020 804 πάντες
1044 754 1078 779 ¹4
1117 755 1232 814 κυρίῳ
1272 754 1389 800 αὐτὴν
1429 756 1579 813 ὀνόματι
1617 761 1812 818 προσηγό-

452 845 602 888 ρευσαν.
656 828 838 876 πολλάκις
879 826 923 869 δὲ
963 828 982 869 ὁ
1022 825 1232 885 Εὐριπίδης
1265 826 1559 884 αὐτοσχεδιάζει
1581 831 1615 855 ¹5
1649 830 1686 872 ἐν
1725 834 1810 880 ταῖς

450 901 702 958 γενεαλογίαις
733 901 785 950 ὡς
815 899 878 942 καὶ
910 899 1033 959 ἑαυτῷ
1064 898 1174 942 ἐνίοτε
1205 898 1352 941 ἐναντία
1386 899 1502 958 λέγειν
1532 901 1596 943 καὶ
1625 906 1687 944 νῦν
1707 905 1808 945 Κισ-

450 974 543 1022 σέως
583 976 648 1033 ἔφη
690 975 893 1034 θυγατέρα
936 974 1003 1018 τὴν
1045 970 1220 1026 Ἑκάβην
1264 973 1528 1029 μετενεγκὼνι
1569 973 1632 1016 τὸν
1663 977 1811 1035 πατέρα

450 1046 647 1102 Θεανοῦς,
678 1046 761 1107 περὶ
794 1042 835 1088 οὗ
856 1045 889 1070 16
921 1044 1027 1103 φησὶν
1058 1043 1230 1104 ’Όμηρος
1252 1044 1307 1068 ¹7·

597 1120 743 1168 Κισσῆς
773 1117 873 1175 τόνγ’
903 1118 1042 1178 ἔθρεψε
1074 1115 1200 1175 δόμοις
1233 1115 1282 1158 ἔνι’
1313 1116 1455 1159 τυτθὸν
1486 1116 1595 1160 ἐόντα

919 1189 957 1239 ὃς
987 1191 1089 1233 τίκτε
1119 1189 1258 1233 Θεανὼ
1287 1189 1562 1249 καλλιπάρῃον.
1654 1190 1753 1233 VR.

511 1281 577 1325 γρ.
612 1268 701 1312 τῆς
732 1264 959 1314 Κισσέως
991 1262 1055 1304 καὶ
1086 1260 1296 1304 ὑπονοοῦσιν
1328 1262 1406 1304 ἀπὸ
1436 1269 1568 1318 γενεᾶς
1596 1278 1687 1311 τινος
1707 1264 1810 1322 Φρυ·

450 1335 535 1392 γιάς
576 1335 741 1396 εἰρῆσθαι
781 1335 805 1380 ἢ
847 1336 925 1377 ἀπὸ
955 1337 1112 1391 κώμης,
1152 1334 1202 1383 ὡς
1231 1333 1438 1394 Φιλόχορος
1470 1333 1508 1376 ἐν
1538 1340 1584 1391 τῇ
1616 1335 1707 1392 πρὸς
1737 1335 1808 1377 Ἀ-

450 1406 691 1456 σκληπιάδην
722 1407 962 1463 ἐπιςολῇε-

509 1485 607 1525 ἥκω
638 1479 840 1540 νεκρῶν)
882 1479 924 1521 τὸ
955 1478 1065 1529 ἑξῆς’
1102 1483 1181 1524 ἥκω
1202 1476 1431 1538 Πολύδωρος
1461 1478 1479 1519 ὁ
1512 1480 1604 1526 παῖς
1636 1477 1809 1534 Ἑκάβης

449 1558 516 1601 τῆς
547 1553 733 1601 Κισσέως.
780 1554 860 1594 ἔνιοι
887 1551 1083 1599 Ἠετίωνος
1116 1550 1180 1591 καὶ
1213 1551 1419 1598 Ἱπποθόης
1450 1555 1517 1598 τῆς
1547 1550 1805 1610 Ἐριχθονίου.

449 1625 620 1673 Κισσέως
662 1623 751 1684 φασὶ
787 1624 955 1682 γενέσθαι
986 1625 1100 1671 οὕτως
1122 1623 1156 1648 ¹⁸
1186 1622 1415 1671 Τηλεκλειάς
1446 1627 1511 1670 τῆς
1542 1621 1653 1664 Ἰλίου
1683 1623 1808 1664 Ἑκά-

450 1695 520 1752 βης
549 1696 613 1738 καὶ
643 1697 866 1740 Θεανώε-

510 1770 552 1811 τὸ
585 1771 624 1825 ἶ
663 1773 719 1811 ὅτι
759 1767 851 1810 ἴδιον
892 1769 1061 1816 Κισσέως
1101 1768 1166 1812 τὴν
1198 1764 1401 1821 Ἑκάβην,
1443 1766 1611 1825 Ὀμήρου
1648 1767 1805 1823 Δύμαν-

450 1857 509 1890 τος
540 1842 657 1888 αυτ-ἠν
688 1841 873 1902 εἰρηκότος
894 1840 952 1865 ¹⁹·

597 1914 912 1971 αὐτοκασίγνητος
941 1909 1143 1967 Ἑκάβης,
1174 1911 1248 1960 υἱὸς
1281 1910 1325 1952 δὲ
1355 1909 1632 1965 Δύμαντοςε-
1693 1911 1746 1954 V.

508 2059 520 2082 ¹
555 2056 662 2099 Cod.
691 2058 725 2098 ὁ.
830 2057 847 2082 2
878 2056 983 2098 Cod.
1019 2056 1243 2115 φιλόχωρος.
1347 2054 1363 2077 3
1395 2053 1508 2094 Fort.
1546 2054 1596 2095 τοὶ
1628 2054 1710 2114 περὶ
1741 2056 1807 2100 την

451 2127 691 2186 Πολυξένην,
735 2129 958 2185 expunctis
996 2129 1040 2170 in
1077 2128 1164 2169 fine
1194 2125 1331 2169 verbis
1363 2124 1426 2166 καὶ
1463 2124 1547 2186 περὶ
1577 2125 1805 2177 Πολυξένην.

451 2203 468 2228 4
503 2200 609 2242 Cod.
649 2201 810 2262 πάριδος
844 2201 907 2242 ἂν.
1060 2201 1076 2225 5
1108 2199 1214 2240 Cod.
1252 2198 1494 2247 ἑλκηθεῖσαν.
1652 2198 1669 2223 ⁶
1698 2197 1806 2240 Cod.

452 2273 606 2323 Ξηλαῖς.
683 2273 698 2298 ⁷
730 2273 836 2314 Cod.
865 2271 987 2316 ποσὶν.
1055 2272 1072 2297 ⁸
1103 2271 1174 2312 Sic
1204 2270 1311 2312 Cod.
1342 2269 1712 2331 γρηιονυρνακίδεσιν.
1755 2271 1808 2310 Ιί-

453 2353 543 2387 tera
572 2343 599 2387 ’ὃ
626 2358 713 2386 non
743 2345 840 2385 satis
871 2351 988 2387 certa
1021 2350 1096 2384 est.
1185 2343 1203 2367 9
1233 2343 1331 2386 Vat.
1372 2343 1422 2385 τὰ
1455 2342 1538 2403 περὶ
1571 2347 1636 2385 τοῦ
1666 2343 1806 2400 ὀνόμα-

454 2434 517 2467 τος
547 2423 614 2466 τῆς
646 2415 836 2472 Ἑκάβης.
913 2417 948 2442 ¹⁰
976 2416 1086 2459 Ven.
1120 2413 1298 2475 διάφορον
1322 2415 1507 2474 ἱς-όρηται.
1543 2415 1640 2457 vat.
1674 2414 1809 2474 διαφό-

457 2508 528 2549 ρως
559 2491 745 2550 ἱςόρηται.
858 2489 887 2513 11
921 2488 1028 2531 Ven.
1061 2487 1282 2547 φιλόχωρος.
1389 2488 1423 2512 ¹2
1454 2488 1551 2530 Vat.
1591 2487 1806 2532 κεκλῆσθαι.

458 2563 489 2586 ¹3
515 2563 621 2605 Ven.
651 2562 701 2611 ὡς
729 2560 782 2603 ἐν.
818 2560 855 2603 V
859 2566 914 2601 at.
942 2559 1006 2601 καὶ
1038 2559 1090 2602 ἐν.
1183 2560 1217 2584 ¹4
1245 2560 1352 2602 Ven.
1379 2560 1411 2601 οἱ
1442 2558 1485 2601 δὲ
1515 2558 1622 2602 λυποῖ
1653 2563 1808 2608 πάντες.

457 2633 557 2675 Vat.
592 2634 623 2675 οἱ
655 2632 699 2676 δὲ
718 2632 849 2676 λοιποί.
975 2632 1007 2657 ¹⁵
1039 2631 1148 2675 Ven.
1187 2631 1519 2688 αὐτοσχεδιάζειν.
1641 2630 1675 2656 16
1705 2631 1802 2673 Vat.

457 2705 616 2753 θεανοῦς
644 2704 725 2764 περὶ
759 2702 799 2746 οἵ)
831 2702 937 2763 φησὶν
969 2706 1119 2763 ὅμηρος.
1167 2701 1272 2744 Ven.
1304 2705 1462 2752 ἓεανοῦς
1490 2706 1637 2763 ὅμηρος.
1673 2716 1810 2758 appa-

458 2782 521 2815 ret
548 2776 747 2818 excidisse
772 2775 986 2831 quaedam
1011 2782 1107 2832 post
1133 2775 1309 2816 verbum
1327 2776 1573 2832 μετενεγκών.
1637 2772 1669 2798 ¹⁷
1685 2772 1808 2813 Iliad.
