2020 3326
617 178 1180 224 COMMENTARIUS.
1509 174 1588 215 105

221 323 302 365 bus
332 322 446 363 idem
476 325 606 377 poeta
636 319 681 360 in
712 318 894 368 Oreste,
924 318 1027 367 331,
1064 316 1192 357 dixit:
1226 312 1405 370 ὁΦοῖβος
1428 337 1484 344 ——
1504 311 1596 356 ἔλα-

224 412 285 438 κεν
327 396 403 436 ἀνὰ
447 391 647 448 δάπεδον,
689 395 748 433 ἵνα
792 389 1026 450 μεσόμφαλοι
1068 389 1241 446 λέγονται
1274 388 1418 446 μυχοί,
1461 400 1600 442 quum

221 467 454 508 Pausanias
482 466 637 506 referat
671 464 745 520 (X,
765 462 815 511 8,
838 462 900 517 6.)
937 463 1054 502 istius
1085 462 1296 502 Minervae
1326 460 1413 502 ναὸν
1439 458 1599 499 stetisse

222 540 267 580 in
295 539 473 580 introitu
500 536 638 586 urbis,
666 537 709 576 in
734 542 923 590 quatuor
946 534 1204 589 templorum
1229 536 1357 582 serie,
1386 530 1598 587 Apollinis

221 625 321 653 vero
354 611 562 666 templum
583 610 626 648 in
648 608 788 648 media
809 606 914 647 urbe
938 607 1064 646 fuisse
1088 612 1421 646 consentaneum
1443 602 1520 643 sit?
1547 625 1606 632 ——

221 683 419 723 Klotzius
447 680 679 721 Hermanni
708 693 894 720 errorem
918 678 1087 726 leniter,
1125 683 1171 717 ut
1200 691 1280 733 par
1307 682 1420 725 erat,
1454 687 1601 729 repre-

225 755 400 805 hendit3
444 755 534 810 ipse
581 752 704 808 quod
747 758 933 793 veterem
974 750 1247 805 opinionem,
1293 746 1504 803 designari
1549 744 1603 785 ab

228 826 435 882 Euripide
463 826 666 874 Dianam,
698 830 848 880 urget,
880 835 1029 865 vereor
1059 835 1112 861 ne
1143 834 1321 876 operam
1352 817 1603 875 perdiderit.

230 899 292 939 Ne
322 904 538 955 repetam,
581 911 695 953 quae
735 895 866 936 modo
906 895 1018 944 dixi,
1053 893 1196 934 omnia
1224 893 1268 932 in
1302 892 1387 932 hoc
1419 892 1517 931 loco
1551 888 1607 929 ad

227 971 473 1027 Apollinem
503 969 679 1017 referri,
720 968 821 1017 ubi,
871 967 1075 1015 obsecro,
1118 971 1289 1021 praeter
1320 963 1606 1008 Scholiastas⁹

230 1043 437 1083 traditum
473 1047 533 1082 est
563 1040 807 1096 Apollinem
848 1045 888 1079 et
919 1039 1099 1078 Dianam
1131 1049 1359 1077 commune
1399 1034 1608 1089 templum

228 1114 489 1171 Delphicum
519 1111 748 1152 hahuisse?
780 1111 1013 1164 Utriusque
1040 1122 1198 1148 nomen
1228 1113 1268 1146 et
1295 1105 1495 1161 mysteria
1523 1118 1610 1144 sae-

229 1200 286 1243 pe
328 1185 594 1227 coniunctim
641 1198 663 1223 a
707 1182 845 1239 poetis
889 1179 1246 1227 commemorari,
1302 1183 1419 1217 recte
1464 1182 1610 1216 monet

231 1259 450 1307 Klotzius3
487 1255 595 1311 quid
625 1268 725 1295 vero
756 1253 864 1293 haec
899 1252 954 1292 ad
984 1257 1252 1307 praesentem
1282 1246 1611 1304 quaestionem?

233 1330 361 1370 Putat
402 1342 491 1368 rem
532 1326 692 1367 confici
722 1324 891 1380 Hymno
933 1323 1163 1364 Homerico
1206 1322 1251 1361 in
1285 1321 1490 1369 Dianam,
1537 1317 1612 1358 ubi

235 1401 394 1441 dicitur
431 1399 541 1439 haec
578 1398 666 1438 Dea
704 1397 848 1439 venire
890 1396 933 1436 in
969 1395 1178 1452 templum
1210 1393 1375 1441 fratris,
1422 1390 1486 1447 (id
1524 1396 1607 1439 est,

234 1473 389 1514 amoris
420 1471 487 1512 vel
516 1470 692 1510 honoris
724 1482 855 1510 causa
888 1481 986 1508 eum
1014 1469 1214 1507 invisere
1246 1464 1310 1505 ad
1332 1469 1529 1519 tempus,
1566 1468 1613 1502 ut

234 1558 314 1602 ego
345 1541 621 1600 interpretor)
669 1555 720 1582 ac
748 1541 989 1582 stffecsarzcm
1028 1543 1070 1579 et
1107 1535 1377 1577 Gratiarum
1400 1534 1615 1590 pulcrum

236 1617 419 1659 chorum
448 1617 705 1657 instituere.
757 1612 825 1653 An
853 1612 955 1652 hinc
994 1610 1188 1665 sequitur
1217 1607 1467 1648 Phoenissas
1496 1618 1614 1645 nunc

236 1690 419 1731 chorum
450 1687 604 1728 saltare
630 1686 737 1728 velle
765 1685 808 1725 in
835 1684 1044 1724 honorem
1071 1679 1261 1722 Dianae?
1291 1679 1412 1719 Prius
1442 1677 1616 1717 demon-

239 1761 462 1803 strandum
503 1765 594 1799 erat
636 1758 802 1798 cultum
838 1756 1000 1796 Dianae
1042 1760 1082 1794 et
1124 1751 1338 1808 Apollinis
1371 1755 1616 1791 constanter

238 1833 414 1888 Delphis
446 1831 730 1871 coniunctum
760 1828 908 1877 fuisse,
950 1827 1010 1867 ita
1043 1831 1089 1866 ut
1119 1823 1299 1880 perinde
1332 1821 1459 1862 fuerit
1491 1820 1617 1860 huius

238 1919 294 1946 an
330 1905 442 1944 illius
482 1902 690 1942 honorem
728 1900 1010 1941 celebrarent.
1057 1897 1150 1937 Hoc
1192 1908 1291 1936 vero
1331 1890 1614 1933 demonstrari

239 1988 479 2031 numquam
519 1973 690 2028 poterit.
741 1971 934 2027 Arripuit
973 1971 1017 2009 in
1054 1968 1137 2007 hac
1174 1965 1429 2006 difficultate
1462 1963 1619 2003 Porso-

241 2061 345 2097 nus,
380 2045 502 2101 quod
533 2050 724 2099 quatuor
754 2042 934 2083 Codices
963 2040 1173 2087 offerunt,
1211 2038 1445 2090 ἀθανάτου,
1478 2033 1616 2090 probe

239 2120 310 2160 ille
349 2116 594 2173 Apollinem
624 2115 831 2154 retinens:
879 2118 1005 2152 restat
1052 2109 1294 2158 dubitatio,
1341 2121 1454 2163 quae
1486 2119 1617 2146 causa

244 2188 427 2231 librariis
458 2200 544 2227 esse
574 2186 764 2241 potuerit
800 2183 997 2224 mutandi
1029 2183 1264 2236 ἀθανάτου,
1296 2179 1417 2234 quod
1447 2177 1618 2219 obviam

245 2261 423 2303 haberet
463 2257 882 2312 interpretationem,
930 2255 975 2295 in
1004 2255 1232 2300 ἀθανάτας.
1293 2252 1383 2307 Ego
1425 2263 1492 2290 me
1530 2262 1619 2289 non

247 2332 452 2390 expedio:
497 2344 597 2369 nam
635 2328 757 2384 quod
799 2327 932 2368 incidi
980 2326 1024 2366 in
1061 2326 1357 2366 coniecturam
1407 2321 1620 2376 scripsisse

245 2403 498 2461 Euripidem
528 2402 760 2454 ἀθάνατος,
801 2399 829 2438 i.
858 2412 893 2438 e.
923 2399 1147 2453 perennis
1175 2395 1337 2435 chorus
1363 2393 1460 2442 Dei,
1500 2393 1622 2433 cuius

247 2484 361 2518 certe
400 2476 541 2516 cultus
572 2474 770 2528 perennis
800 2470 1066 2518 habebatur,
1106 2468 1220 2508 hanc
1251 2465 1385 2522 magis
1417 2463 1621 2505 acutiori-

248 2549 328 2590 bus
383 2547 438 2588 ad
480 2543 811 2586 diiudicandum
854 2542 1149 2598 propositam,
1205 2552 1338 2594 quam
1377 2549 1458 2593 pro
1504 2541 1621 2577 certa

247 2620 514 2663 venditatam
546 2617 685 2659 velim.

307 2690 406 2732 260.
455 2690 496 2732 οι)
531 2690 608 2749 γὰρ
644 2686 774 2730 ἄδικον
807 2687 855 2736 εἷς
888 2687 1022 2742 ἀγῶνα
1054 2682 1155 2728 τόνδ’
1190 2682 1339 2731 ἔνοπλος
1373 2681 1478 2742 ὁρμᾷ
1491 2716 1507 2736 ,
1550 2679 1623 2728 Ὃς
