2020 3326
623 186 1189 231 COMMENTARIUS.
1514 193 1595 235 127

222 324 345 364 Hanc
377 324 652 365 ambitionem
684 332 838 366 notans
881 326 1036 367 deinde
1076 328 1244 368 Iocasta
1289 343 1346 370 VS.
1382 328 1482 370 538.
1517 331 1597 372 ait:

218 396 271 456 ἐφ’
305 415 325 442 r
358 396 405 438 σὺ
438 398 573 454 μαίνει.
621 397 845 438 Caeterum
878 399 980 443 ἡλίου
1014 400 1108 460 πρὸς
1142 400 1310 449 αντολας
1342 409 1600 458 perpetuam

225 469 355 509 habet
387 470 764 525 significationem:
804 470 867 509 ml
893 477 1039 511 01*le
1065 473 1201 521 solis,
1234 487 1376 528 neque
1407 474 1602 529 cogimur

223 542 456 597 confugere
494 541 549 581 ad
582 541 820 580 inauditam
853 543 1145 584 allz'lmlc'nem
1175 546 1311 594 coeli,
1358 561 1493 600 quam
1533 547 1605 587 sol

223 613 474 653 adscc’mlc'l.
509 612 712 664 Quamvis
726 613 919 653 Eteocles
937 629 1116 670 regnum
1142 630 1279 670 paene
1306 617 1470 657 infinite
1497 631 1602 658 con-

226 685 447 740 cupiscat,
493 690 636 723 tamen
667 684 777 723 intra
812 690 947 725 terrac
979 687 1086 726 fines
1125 701 1167 727 se
1198 688 1412 738 eontinet,
1459 703 1601 744 neque

225 757 393 796 coetum
429 755 690 796 adscendere
723 756 826 796 vult.

279 827 380 869 509.
427 829 494 873 τὴν
525 829 629 870 θεῶν
662 828 843 884 μεγίστην
875 828 961 876 (Ji-37?
995 832 1093 886 ἔχειν
1125 829 1348 890 τυραννίδα.
1382 832 1598 872 Klotzius:

227 919 242 938 >³
261 900 314 941 de
332 901 685 956 interpretatione
714 901 866 940 horum
896 901 1124 942 vei-borum
1142 903 1226 943 hoc
1246 904 1486 944 notandum
1517 911 1599 952 est,

222 972 380 1013 rectius
405 972 664 1011 recentiores
684 973 938 1028 interpretes
965 975 1155 1016 vertisse:
1181 981 1231 1015 ut
1254 976 1460 1016 haberem
1481 990 1602 1016 sum-

221 1059 339 1084 mam
375 1044 559 1084 deorum
591 1045 902 1098 lyrannidem,
948 1060 1081 1100 quam
1118 1053 1278 1087 veteres
1319 1055 1359 1088 et
1395 1047 1602 1089 scholias-

224 1122 287 1156 tas
312 1122 351 1155 et
383 1121 674 1156 enarratores:
711 1121 761 1155 vt
788 1131 975 1172 regnum
1000 1117 1202 1167 deorum,
1238 1120 1363 1173 quod
1385 1134 1604 1160 summum

224 1194 314 1237 esl,
353 1187 603 1227 haberem.‘’
635 1210 692 1216 —
729 1187 818 1242 Ego
855 1188 1019 1228 veriora
1056 1189 1171 1229 duco
1204 1190 1601 1232 Valckenaeriana:

225 1260 461 1314 »Regnum
493 1258 688 1298 Eteocles
717 1258 902 1298 Dearum
935 1266 1059 1300 vocat
1091 1263 1345 1310 maximam;
1390 1261 1603 1302 Ambitio-

222 1345 320 1371 nem
354 1331 519 1371 Iocaste
550 1331 778 1386 pessimam
816 1330 1027 1380 Deorum,
1063 1332 1193 1372 534.”
1242 1333 1293 1373 In
1330 1333 1421 1389 ipsa
1453 1335 1604 1375 mentis

220 1402 547 1459 perturbatione
587 1416 676 1442 non
714 1409 801 1443 tam
843 1403 1022 1444 stolidus
1059 1411 1118 1444 est
1160 1405 1355 1446 Eteocles
1396 1412 1442 1446 ut
1491 1406 1603 1447 Iovis

219 1476 448 1531 imperium
475 1475 649 1531 cupiat;
678 1474 752 1515 sed
784 1475 1035 1516 dominandi
1062 1483 1342 1532 potestatem,
1375 1478 1407 1517 si
1434 1478 1477 1518 in
1501 1478 1600 1519 fini-

220 1547 301 1588 bus
331 1554 469 1587 terrae
500 1547 679 1588 inveniri
715 1561 804 1587 non
835 1548 986 1603 possit,
1033 1549 1098 1589 vel
1128 1549 1240 1590 infra
1272 1549 1385 1590 hanc
1416 1564 1601 1605 quaere-

219 1633 265 1660 re
301 1620 415 1661 vult:
464 1624 531 1664 τῆν
565 1620 668 1661 θεῶν
700 1620 881 1676 μεγίστην
921 1626 1088 1661 tantum
1125 1621 1309 1662 ornandi
1350 1636 1477 1663 causa
1516 1623 1600 1678 Ty-

214 1690 386 1731 rannidi
418 1691 664 1746 appositum
695 1698 770 1732 est.

278 1763 380 1803 515.
426 1765 512 1812 ταῖς
544 1765 623 1823 γὰρ
655 1764 702 1806 ἂν
734 1764 889 1820 Θήβαις
911 1764 1001 1806 τάδε
1032 1764 1174 1807 Γένοιτ’
1196 1765 1348 1814 ὄνειδος.
1393 1766 1600 1806 Herman-

220 1849 301 1875 nus
328 1835 381 1876 de
413 1836 665 1876 coniectura
694 1837 885 1893 scripsit:
930 1836 995 1878 καί
1016 1839 1093 1897 γαρ
1117 1842 1191 1893 ἄν,
1225 1838 1455 1878 articulum
1489 1838 1599 1877 otio-

222 1920 314 1946 sum
352 1920 439 1947 esse
480 1907 698 1949 iudicans:
744 1909 818 1949 sed
854 1909 963 1949 bene
992 1909 1231 1951 observavit
1263 1909 1458 1949 Klotzius
1494 1922 1600 1949 con-

222 1977 333 2017 sulto
374 1978 603 2018 articulum
641 1980 832 2034 posuisse
870 1980 1060 2021 Poetam.
1131 1981 1238 2021 Tum
1276 1981 1357 2020 alia
1410 1993 1599 2020 comme-

221 2061 390 2088 morare
430 2055 626 2104 poterat,
670 2056 760 2090 tum
800 2052 995 2106 apposite
1032 2065 1091 2092 vs.
1121 2051 1220 2092 566.
1267 2054 1368 2093 ἅστν
1410 2049 1598 2106 Θηβαίων

220 2119 339 2175 τόδε,·
392 2127 433 2160 et
479 2119 638 2175 Suppl.
674 2121 772 2162 520.
814 2121 888 2162 ubi
926 2123 969 2163 in
1001 2123 1123 2163 simili
1165 2123 1370 2164 sententia
1412 2123 1598 2164 Theseus

224 2192 522 2247 indignanter:
557 2193 644 2234 Οὐκ
677 2192 749 2234 οἶδ’
783 2192 860 2249 ἐγὼ
883 2195 1055 2253 Κρέοντα
1087 2194 1310 2244 δεσπόζοντ’
1335 2194 1455 2251 ἐμοῦ,
1488 2194 1598 2238 Οὐδὲ

221 2265 408 2306 σθένοντα
442 2266 569 2319 μεῖζον
581 2300 598 2321 ,
631 2265 723 2307 ὥστ’
757 2266 983 2322 ἀναγκάσαι
1016 2266 1125 2326 Δραν
1158 2268 1229 2315 τὰς
1260 2266 1433 2316 Ἀθήνας
1466 2267 1594 2310 ταῦτ’.

281 2335 379 2376 519.
436 2344 515 2379 πᾶν
558 2339 638 2398 γαρ
681 2336 830 2397 ἐξαιρεῖ
865 2338 1001 2395 λόγος,
1045 2338 1099 2380 “O
1130 2338 1195 2380 καὶ
1225 2338 1379 2399 σίδηρος
1410 2340 1596 2396 πολεμίων

221 2406 397 2467 δράσειεν
430 2412 492 2450 ἄν.
558 2411 610 2450 Hi
651 2424 795 2451 versus
835 2411 920 2450 iam
964 2411 1219 2466 legebantur
1264 2426 1288 2452 a
1330 2411 1592 2462 Plutarcho,

222 2479 479 2529 Themistio,
515 2482 710 2529 Julianoe,
744 2482 798 2522 de
826 2496 915 2537 quo
948 2482 1034 2523 vid.
1067 2483 1170 2523 Intt.
1214 2484 1372 2524 Tamen
1403 2484 1594 2526 Valcke-

219 2551 390 2592 naerius
432 2566 512 2607 pro
559 2551 705 2613 ἐξαιρεῖ
743 2553 1045 2609 suspicabatur
1089 2555 1339 2610 Euripidem
1381 2556 1595 2611 scripsisse

220 2620 394 2678 ἐξανύει,
435 2625 559 2679 quod
588 2632 725 2666 metro
758 2632 994 2681 repugnat3
1038 2626 1111 2666 sed
1144 2626 1200 2667 ad
1233 2626 1394 2667 Herod.
1422 2627 1521 2670 VII.
1549 2626 1592 2668 9.

221 2695 405 2736 eundem
453 2695 815 2738 Phoenz'ssarum
863 2711 1028 2739 versum
1072 2699 1241 2749 atti.1lit‚
1298 2698 1594 2740 coniecturam
