2020 3326
611 286 1178 328 COMMENTARIUS.
1495 281 1575 321 211

205 432 302 481 post
337 425 463 466 huius
501 426 673 466 demum
715 439 864 481 preces
906 426 1060 465 relatas
1100 423 1324 464 amborum
1364 422 1574 462 feritatem

206 499 422 539 criminari
445 498 644 538 debebat.
684 498 878 552 Denique
908 498 1013 537 sitne
1043 496 1264 551 corruptio
1291 496 1404 535 sacta
1432 506 1575 533 errore

205 584 257 609 an
290 570 344 610 de
380 570 587 610 industria
615 584 702 610 non
741 583 906 609 moror:
948 569 1145 610 utriusvis
1175 581 1303 608 causa
1333 580 1420 606 non
1451 566 1576 619 longe

204 642 454 697 quaerenda
486 648 560 682 est.
607 641 837 697 Optionem
876 642 985 681 inter
1026 641 1140 681 hanc
1175 653 1315 680 meam
1353 637 1577 678 coniectu-

206 727 297 753 ram
332 720 372 753 et
404 712 703 754 Canterianam
735 713 1002 753 doctioribus
1031 713 1244 767 relinquo.

267 784 390 826 1375.
431 784 584 833 πολλοῖς
616 783 653 826 δ’
676 784 778 842 ε”π-ῄει
809 783 967 845 δάκρυα
1000 791 1066 833 τῆς
1100 785 1218 841 τύχης
1247 786 1330 831 ὅση.
1377 781 1577 836 Recepto

205 857 248 896 in
277 856 522 911 proximum
554 871 719 898 versum
748 856 930 914 ἄλγιστον
943 893 959 912 ,
992 870 1109 897 nunc
1139 862 1252 906 certe
1278 853 1488 895 haberent
1514 852 1577 890 la—

204 941 377 983 crymae
411 942 501 983 quo
540 936 868 979 excusarentur,
918 930 995 969 nisi
1029 928 1217 969 obstaret
1248 924 1455 982 explicari
1486 936 1574 963 non

203 1012 326 1055 posse
368 1014 446 1040 cur
476 1000 654 1042 affectus
684 1001 759 1041 iste
798 1001 1064 1057 significetur
1091 1006 1189 1056 post
1224 997 1438 1052 Polynicis
1474 1008 1575 1050 pre-

204 1072 438 1121 cationem,
474 1086 561 1112 non
590 1086 690 1113 vero
722 1080 819 1129 post
848 1073 1046 1113 Eteoclis.
1086 1069 1326 1127 Oportebat
1355 1068 1466 1108 enim
1497 1065 1576 1106 bo-

202 1158 306 1184 num
336 1144 569 1193 nuncium,
603 1145 635 1184 si
666 1146 841 1185 omnino
872 1158 983 1200 opus
1009 1150 1135 1191 esset,
1170 1156 1220 1183 eo
1248 1141 1399 1182 ordine
1428 1152 1577 1180 narra-

202 1229 276 1264 re,
324 1222 369 1255 ut
414 1222 644 1271 appareret
683 1229 815 1270 quam
857 1216 940 1256 vim
981 1216 1024 1255 in
1072 1219 1317 1270 praesentes
1362 1210 1580 1251 habuisset

203 1292 384 1327 mutuus
411 1287 591 1326 fratrum
618 1287 804 1335 animus,
836 1287 909 1327 vel*
926 1286 1131 1342 precibus
1154 1284 1416 1324 manifestus.
1445 1281 1578 1324 Vale-

202 1358 404 1399 kenaerio
450 1357 619 1413 spurius
662 1357 889 1399 videbatur
933 1358 1003 1398 hic
1050 1370 1220 1404 versus,
1277 1354 1445 1409 quippe
1488 1366 1578 1392 non

203 1436 343 1484 aptus·
396 1429 445 1469 In
489 1428 598 1469 vitiis
638 1429 865 1478 notandis,
913 1428 1163 1484 praesertim
1208 1425 1436 1467 verborum
1474 1423 1576 1481 ἐπῄει

150 1530 153 1533 -
200 1500 385 1560 δάκρυα,
418 1500 644 1540 mirabitur
685 1501 774 1541 eius
813 1501 1093 1557 sagacitatem
1129 1506 1170 1540 et
1200 1498 1444 1539 doctrinam
1476 1497 1576 1552 qui-

199 1587 388 1629 cumque
430 1572 564 1612 libero
603 1572 745 1613 animo
781 1579 864 1613 est:
906 1587 1008 1613 nam
1039 1572 1162 1628 quod
1194 1577 1344 1612 contra
1379 1583 1477 1610 eum
1510 1569 1574 1609 af-

199 1645 334 1685 fertur
363 1643 522 1704 ὃοέκρυα
554 1643 723 1689 ἐπῆλθεν
752 1658 774 1685 e
806 1645 1003 1699 Dionysio
1031 1651 1071 1684 et
1096 1642 1353 1691 Plutarcho,
1388 1641 1432 1681 hi
1456 1641 1572 1682 vixe-

199 1723 299 1757 runt
323 1717 490 1772 aliquot
511 1716 662 1757 seculis
689 1723 785 1772 post
809 1717 1072 1772 Euripidem.
1107 1716 1193 1756 Nisi
1220 1714 1357 1755 oculis
1383 1713 1486 1753 meis
1513 1713 1575 1752 le-

201 1801 366 1844 gerem,
413 1801 500 1828 non
544 1787 764 1829 crederem
806 1787 1099 1828 Hermannum
1137 1786 1325 1842 potuisse
1365 1783 1572 1824 scribere:

201 1859 343 1900 »illud
372 1873 473 1900 vero
500 1859 726 1914 imperiose
757 1866 797 1900 et
824 1873 905 1914 pro
932 1859 1190 1900 auctoritate
1218 1857 1344 1905 dicit,
1373 1856 1576 1896 sermonis

200 1931 371 1985 genium
408 1944 497 1971 non
532 1931 623 1986 pati
656 1937 702 1971 ut
734 1931 907 1972 dicatur
944 1930 1048 1987 ἐπῄει
1080 1947 1141 1986 μοι
1173 1928 1352 1989 δακρύειν
1382 1928 1448 1968 vel
1478 1927 1572 1979 πολ-

199 2002 278 2049 λοῖς
312 2001 415 2058 ἐπῄει
447 2000 636 2062 δάκρυα,
668 2017 805 2057 quum
836 2008 980 2042 tamen
1006 2002 1111 2042 alios
1135 2001 1343 2057 plurimos
1371 2013 1471 2040 cum
1497 1998 1575 2038 isto

199 2073 329 2114 verbo
369 2073 603 2114 infinitivos
641 2074 845 2129 coniungi
882 2073 1112 2113 fateatur.''
1178 2072 1398 2124 Quosnam
1441 2069 1577 2110 »infi-

198 2145 389 2186 nitivos”
428 2145 569 2185 attulit
601 2144 973 2186 Valckenaerius?
1006 2144 1207 2184 nimirum
1237 2142 1466 2185 verborum
1498 2155 1570 2181 co-

193 2215 400 2273 gitandi,
442 2216 669 2270 perspicue
707 2215 791 2255 hoc
831 2229 1021 2256 monens.
1077 2215 1200 2255 Unde
1231 2214 1426 2269 sequitur
1455 2219 1571 2254 vete-

197 2301 262 2328 res
290 2287 413 2328 ἔπεισί
440 2304 500 2344 μοι
531 2286 708 2346 δακρύειν
746 2287 921 2327 fortasse
952 2287 1145 2327 dicturos
1174 2286 1320 2334 fuisse,
1361 2285 1444 2325 hac
1475 2299 1571 2325 sen-

198 2359 352 2400 tentia:
389 2359 593 2399 oboritur
618 2359 730 2400 mila·
756 2360 998 2415 cogitatio,
1024 2357 1304 2414 plorandum
1334 2371 1444 2397 esse.
1483 2357 1569 2399 Ve-

198 2445 293 2471 rum
323 2431 374 2471 sit
399 2430 481 2479 ita,
517 2430 754 2486 aliquando
784 2430 1032 2470 dormitasse
1059 2429 1331 2485 Euripidem,
1362 2442 1573 2485 procura-

196 2509 295 2543 tane
325 2508 423 2542 sunt
451 2502 652 2557 reliqua?
683 2501 921 2542 Audiamus
949 2502 1263 2542 Hermannum:
1300 2518 1316 2538 2>
1335 2500 1457 2541 affert
1484 2501 1574 2556 pri-

195 2586 267 2613 mo
303 2572 480 2628 (inquit)
517 2573 855 2616 Valckenaerius
894 2573 1085 2628 ineptam
1122 2573 1268 2629 Kingii
1307 2573 1567 2622 versionem,

199 2651 245 2684 ut
275 2644 418 2686 videat
449 2644 611 2694 lector,
649 2659 782 2700 quam
809 2645 955 2699 inepta
989 2645 1225 2700 scripserit,
1258 2644 1335 2700 qui
1367 2643 1444 2684 hos
1474 2658 1569 2685 ver-

197 2730 266 2756 sus
305 2716 465 2755 fecerit.
518 2716 611 2756 Hoc
648 2730 749 2758 vero
791 2723 849 2756 est
894 2716 1090 2756 fraudem
1133 2716 1339 2772 imperitis
1382 2715 1568 2756 facere.''

199 2787 335 2828 Minus
366 2787 591 2840 festinans,
639 2802 794 2844 spero,
837 2801 925 2829 non
954 2788 1184 2844 scripsisset
1217 2795 1303 2829 tam
1335 2787 1568 2844 probrosa,
