2020 3326
527 215 846 258 SCHOLIIS
890 211 1377 256 LAUDATORUM.
1551 209 1636 250 3233

936 353 983 392 P.

274 429 473 484 Panyasis
504 427 596 468 Alc.
621 428 657 467 1.

271 501 580 542 Parmeniscus.
613 499 679 539 Tr.
700 497 798 537 220.
824 494 923 537 230.
957 495 1043 536 Rh.
1062 494 1161 536 524.

271 574 546 614 Pherecrates
580 571 618 613 ἐν
647 567 1029 626 Δουλοδιδασκσὶ)·.ῳ.
1068 568 1172 608 Hec.
1192 566 1290 607 462.

271 645 549 700 Pherecydes.
587 644 691 684 Hcc.
714 646 750 683 1.
778 642 871 682 Alc.
895 641 931 681 l.
962 640 1096 681 Andr.
1122 639 1187 680 18·
1217 638 1341 680 1217.

421 716 458 759 ἐν
488 723 533 773 τῇ
566 714 681 774 ὀγδόῃ
714 720 789 758 τῶν
823 715 988 774 ἱςοριών.
1028 712 1122 753 Alc.
1146 712 1182 752 1.

270 790 452 830 Phileas.
482 789 615 829 Andr.
640 790 675 829 1.

272 862 493 902 Philemon
522 860 559 903 ἐν
591 860 792 915 Σικελικῷ.
832 858 919 899 Rh.
939 856 1038 898 248.

272 935 495 990 Philippus
525 933 562 977 ἐν
593 939 648 992 τῷ
677 931 762 994 περὶ
795 933 941 992 Καρῶν
970 932 1273 988 συγγράμματι.
1307 926 1394 969 Rh.
1417 923 1514 966 505.

271 1007 569 1048 Philochorus.
599 1006 733 1047 Andr.
753 1004 853 1045 446.

420 1079 458 1122 ἐν
488 1085 543 1137 τῷ
574 1078 657 1140 περὶ
689 1076 933 1138 τραγῳδιῶν.
972 1075 1075 1116 Hec.
1096 1076 1136 1114 1.

418 1150 456 1193 ἐν
487 1158 533 1209 τῇ
566 1151 654 1210 πρὸς
686 1147 987 1198 Ἀσκληπιάδην
1018 1145 1193 1203 &mg-0127).
1231 1145 1335 1185 Hcc.
1363 1144 1399 1183 1.

419 1223 457 1266 ἐν
486 1227 629 1284 πρώτῳ
660 1223 743 1284 περὶ
774 1227 974 1280 μαντικῆς.
1013 1217 1224 1261 Ale.983.

273 1297 543 1353 Phrynichus
571 1297 790 1353 Tragicus.
831 1295 902 1336 Or.
922 1292 1022 1334 859.
1051 1317 1054 1320 <

272 1369 548 1425 Phrynichus,
571 1368 896 1410 Grammaticus.
936 1365 1044 1406 Med.
1068 1361 1191 1404 1016.

274 1441 556 1497 Phylarchus.
589 1441 683 1482 Alc.
710 1441 743 1480 1.

273 1514 484 1555 Pindarus
516 1514 647 1570 Hipp.
665 1512 764 1554 263.
797 1511 932 1552 Andr.
957 1508 1051 1552 107.
1078 1505 1175 1550 781.

272 1587 395 1628 Plato
422 1585 634 1628 Comicus.
667 1585 770 1626 Hec.
788 1584 891 1625 821.

272 1660 446 1699 Polemo
481 1657 518 1701 ἐν
548 1664 603 1717 τῷ
628 1660 805 1718 τετάρτῳ
833 1659 909 1698 τῶν
934 1654 1028 1715 πρὸς
1056 1647 1383 1710 Ἀναξανδρίδην.
1420 1646 1493 1687 Or.
1516 1644 1637 1684 1632.

272 1732 534 1788 Polyarchus
564 1729 819 1786 Cyrenaeus.
855 1728 950 1768 Alc.
974 1728 1008 1767 l.
1036 1726 1070 1781 2)

272 1805 502 1845 Proxenus.
538 1802 671 1843 Andr.
690 1801 758 1842 24.

938 1943 991 1984 R.

276 2035 484 2076 Rhianus.
521 2033 616 2073 Alc.
645 2032 678 2071 1.

940 2174 981 2212 S.

279 2308 487 2351 Sannurio
521 2307 559 2348 ἐν
592 2306 747 2363 Δανάῃ.
788 2304 837 2344 O.
865 2302 964 2344 269.

280 2381 430 2422 Simias
462 2378 499 2422 ἐν
528 2380 705 2438 Γοργόνι.
745 2376 878 2418 Andr.
906 2375 975 2416 14.

283 2452 533 2495 Simonides.
569 2451 641 2492 Or.
659 2449 759 2492 226.
791 2449 901 2490 Med.
925 2449 968 2488 2.
1008 2445 1095 2487 Rh.
1116 2445 1158 2485 5.

279 2525 528 2583 Sophocles·
561 2523 664 2564 Hec.
688 2523 726 2562 l.
757 2520 829 2562 Or.
849 2519 948 2561 480.
982 2518 1069 2560 Rh.
1093 2515 1188 2558 105.

427 2597 464 2639 ἐν
495 2596 631 2638 Αἴαντι
661 2595 928 2654 μαςιγοφόρῳ.
968 2591 1061 2632 Alc.
1080 2587 1180 2631 918.

428 2670 464 2712 ἐν
495 2670 649 2727 Θυέςῃ.
688 2668 764 2708 Ph.
788 2667 887 2709 227.

430 2743 466 2786 ἐν
496 2744 690 2785 Momm..
732 2740 806 2781 Ph.
834 2737 956 2779 1256.
