2020 3326
672 176 1239 222 COMMENTARIUS.
1565 174 1644 216 107

268 329 457 365 mantem
488 319 633 361 fecisse
659 318 908 373 Polynicem
938 315 1100 366 verbis,
1135 313 1295 370 quibus
1326 312 1480 354 deinde
1511 319 1646 353 terro-

271 410 360 438 rem
392 408 516 435 suum
546 397 734 432 excusat.

330 466 431 509 299.
480 464 710 524 πρόδρομος.
748 462 832 514 Qui
855 458 1227 504 Valckenaeriana
1254 457 1309 497 ad
1337 457 1377 497 11.
1396 457 1421 497 l.
1453 456 1649 497 contule-

274 541 351 590 rit,
388 552 534 579 carere
566 535 722 592 poterit
754 533 912 574 auxilio
944 532 1209 586 reliquorum
1241 531 1540 585 interpretum.

335 610 436 652 305.
481 613 529 666 γή
557 607 562 666 l
591 625 643 669 ρᾳ
668 606 859 667 τρομερὰν
881 603 980 646 ἕλκω
1010 601 1127 650 ποδὸς
1152 600 1284 656 βάσιν.
1319 602 1442 641 Hanc
1470 600 1653 640 Aldinae

276 684 535 739 scripturam
575 679 812 736 prudenter
849 677 1030 718 servavit
1063 675 1275 715 Klotzius.
1322 671 1410 716 ποδὶ
1442 674 1654 728 irrepsisse

276 755 449 797 videtur
477 759 575 810 post
607 757 862 807 corruptum
894 753 1057 810 γηραιῷ.
1113 748 1381 787 Hermannus
1421 746 1535 785 idem
1566 744 1655 788 ποδὶ

281 826 447 868 addidit
474 831 572 881 post
603 823 702 865 ἕλκω
739 822 854 863 unde
891 822 999 862 duos
1028 818 1251 860 dochmios
1287 818 1541 873 complevit,
1580 818 1657 872 qui

280 898 503 940 necessarii
531 910 620 937 non
646 895 869 937 videntur:
901 907 953 934 ac
971 906 1120 934 vereor
1148 898 1195 931 ut
1223 892 1310 931 sine
1329 890 1658 946 reprehensione

280 973 331 1013 sit
361 969 568 1011 sententia
595 982 728 1023 quam
755 966 918 1007 effecit:
951 979 1052 1005 nam
1075 970 1192 1003 recte
1224 962 1401 1018 quidem
1433 959 1592 1002 dieitur
1617 962 1661 1002 in

284 1045 474 1085 incessu:
498 1055 584 1097 pes
600 1040 762 1096 pedem
789 1038 957 1086 trahit,
987 1037 1125 1076 minus
1148 1048 1249 1076 vero
1277 1041 1480 1074 accurate
1506 1048 1581 1089 pes
1605 1034 1657 1084 is,

285 1117 362 1172 qui
392 1114 602 1162 trahitur,
632 1110 823 1167 epitheto
852 1110 1104 1156 instructum
1138 1107 1201 1146 sin
1230 1105 1347 1154 ποδὸς
1371 1104 1488 1160 βάσιν
1513 1106 1571 1145 nil
1603 1113 1663 1146 est

285 1188 364 1229 nisi
395 1187 637 1241 vestcgz‘um
673 1182 957 1236 abundatque
993 1178 1137 1233 ποδός,
1172 1178 1279 1218 haec
1311 1179 1403 1232 ipsa
1436 1177 1664 1218 abundan-

288 1260 369 1309 tia,
414 1257 563 1298 addito
593 1253 712 1311 ποδὶ,
755 1254 823 1296 vix
858 1252 958 1294 ferri
995 1257 1157 1308 potest,
1196 1250 1275 1290 nisi
1308 1249 1513 1305 exemplis
1547 1263 1665 1290 com-

286 1330 526 1373 mendetur.

348 1401 447 1444 307.
491 1401 640 1460 μυρίαις
674 1397 711 1441 ἐν
743 1398 919 1457 ἁμέραις.
968 1395 1245 1451 Quamquam
1269 1393 1464 1433 meliores
1494 1393 1667 1433 Klotzio

290 1474 497 1515 dicuntur
537 1472 711 1513 codices
749 1470 825 1526 qui
857 1468 1018 1509 habent
1053 1468 1204 1529 μυρίαις
1238 1464 1271 1509 τ’
1302 1465 1339 1507 ἐν
1370 1465 1560 1525 ἁμέραις,
1604 1471 1669 1505 ta-

291 1560 390 1587 men
431 1544 649 1601 particula
696 1549 791 1583 orta
835 1541 1005 1583 videtur
1048 1554 1099 1581 ex
1147 1538 1416 1580 correctione
1458 1537 1548 1578 eius
1593 1536 1671 1592 qui

292 1620 422 1679 χρόνῳ
467 1630 554 1658 non
594 1617 971 1671 interpretaretur,
1020 1618 1066 1653 ut
1102 1611 1264 1667 optime
1304 1609 1670 1658 Valckenaerius‚

292 1691 473 1731 tandem
505 1687 773 1744 aliquando.

353 1760 454 1802 310.
497 1759 698 1822 παρηίδων
728 1759 761 1801 τ’
786 1761 931 1818 ὄρεγμα
964 1780 1021 1786 -—
1052 1757 1222 1805 σκιάζων
1253 1751 1369 1814 δέραν
1396 1752 1511 1810 ἐμάν.
1554 1752 1672 1792 Haec

296 1847 385 1875 11011
412 1833 539 1874 facile
566 1833 663 1889 quis
689 1830 908 1886 expediet,
938 1829 1016 1869 nisi
1045 1842 1144 1868 cum
1169 1826 1409 1866 Scholiasta
1436 1831 1476 1865 et
1501 1823 1674 1863 Klotzio

297 1905 476 1945 firmiter
503 1904 651 1944 credat
681 1902 724 1944 ἐκ
757 1905 875 1944 κοινοῦ
908 1901 950 1944 τὸ
982 1898 1285 1960 ἀμφίβαλλε
1316 1910 1420 1937 esse:
1463 1896 1554 1935 »uti
1580 1909 1672 1936 ver-

299 1976 404 2017 bum
422 1976 686 2032 praecedens
705 1973 928 2035 ἀμφίβαλλε
932 1973 1077 2029 ,quod
1101 1972 1228 2012 etiam
1247 1970 1301 2010 ad
1314 1975 1527 2024 postrema
1545 1966 1676 2007 verba

305 2048 433 2097 facit,
478 2047 562 2087 alio
594 2047 788 2102 quodam
821 2045 952 2086 modo
985 2043 1265 2099 cogitandum
1300 2047 1340 2081 et
1371 2039 1677 2094 accipiendum

303 2120 389 2160 hoc
420 2119 517 2159 loco
548 2119 624 2167 sit,
661 2125 792 2173 atque
823 2118 866 2157 111
898 2116 1116 2172 superiore
1145 2111 1398 2154 orationez''
1439 2124 1553 2165 quae
1583 2124 1677 2152 ver-

302 2191 359 2232 ba
402 2197 500 2232 sunt
532 2190 706 2230 Klotzii.
771 2189 945 2230 Scilicet
988 2187 1072 2227 1100
1112 2186 1228 2226 idem
1276 2190 1336 2224 est
1384 2183 1506 2238 quasi
1548 2183 1678 2222 latine

306 2264 494 2304 diceres:
543 2262 773 2303 circumda
815 2261 998 2301 humero
1032 2258 1256 2314 pallium,
1305 2261 1347 2296 et
1386 2260 1524 2310 caput
1565 2255 1677 2294 velo.

307 2335 405 2376 Non
431 2334 556 2375 video
584 2348 661 2374 cur
691 2333 860 2389 regulas
880 2331 1139 2386 syntacticas
1169 2342 1286 2369 nunc
1317 2340 1516 2367 curemus
1545 2326 1590 2366 in
1615 2325 1680 2366 in-

308 2405 615 2463 terpretandO,
654 2405 685 2445 si
715 2403 928 2446 veteribus
968 2403 1027 2442 ita
1060 2400 1245 2441 scribere
1277 2399 1413 2440 licuit.
1472 2396 1514 2438 Si
1549 2411 1682 2452 quam

309 2493 457 2520 earum
488 2478 694 2518 rationem
726 2475 878 2516 habuit
909 2472 1154 2528 Euripides,
1194 2478 1234 2511 et
1266 2470 1337 2510 hic
1367 2470 1489 2509 locus
1519 2469 1683 2525 integer

310 2557 395 2600 est,
426 2550 511 2590 hoc
547 2548 783 2606 significat:
817 2545 1047 2587 ce'rcwnda
1063 2549 1227 2600 peetus
1260 2548 1301 2583 et
1315 2541 1494 2597 faciem
1519 2547 1562 2581 et
1587 2544 1682 2581 cin-

314 2625 473 2663 cinnos
504 2623 668 2662 mamis
699 2626 807 2660 tuae
841 2619 1039 2659 brachiis·
1072 2619 1191 2657 tuis:
1243 2615 1365 2671 quod
1396 2615 1684 2669 incongruum

313 2708 399 2735 esse.
437 2694 580 2749 palam
613 2699 695 2733 est:
737 2692 851 2732 unde
885 2690 985 2731 mihi
1030 2688 1211 2731 videtur
1234 2687 1354 2743 sequi
1386 2686 1515 2729 verba
1561 2698 1682 2742 grae-
