2020 3326
656 275 1213 318 COMMENTARIUS.
1550 282 1629 321 1539

251 410 375 452 λα’νων
407 410 509 468 νέφος
541 407 643 465 ἀμφί
670 422 712 447 σε
747 406 929 464 κρύπτει,
961 406 1034 446 sed
1063 407 1181 461 loqui
1212 406 1440 448 Creontem
1469 409 1522 449 ‹lc
1550 425 1621 450 vs*-

249 497 296 522 ra
329 481 534 537 caligine,
570 485 716 519 exorta
750 478 924 532 pulvere
963 492 985 517 a
1018 478 1312 532 pugnantibus
1343 486 1440 520 ante
1473 481 1622 521 urbem

249 553 458 601 excitator,
505 550 576 590 ubi
611 550 723 590 enim
763 551 865 608 νέφος
899 549 952 589 de
988 549 1232 589 calamitate
1266 551 1331 591 vel
1363 551 1483 592 luctu
1516 553 1623 594 dici-

250 632 341 673 tur,
377 637 544 678 semper
575 622 764 677 aliquam
796 622 947 661 horum
981 622 1237 660 mentionem
1270 621 1519 664 adiunctam
1547 625 1625 665 ha-

249 697 350 737 bere
388 695 538 743 debet,
585 707 635 733 ac
673 707 837 748 semper
880 692 1022 732 habet.
1079 693 1232 747 Itaque
1270 694 1301 733 si
1335 695 1497 751 integra
1538 696 1625 736 fere

249 774 346 808 sunt
376 766 503 808 verba
541 768 702 806 τοιοῦτον
732 769 852 820 dms,
885 764 939 803 dc
970 778 1060 819 quo
1091 778 1177 804 non
1208 771 1268 804 est
1299 766 1420 820 quod
1452 767 1623 808 dubite-

248 852 362 887 mus,
390 837 534 893 palam
563 843 622 876 est
648 837 800 891 paucis
825 849 939 890 quae
967 843 1207 890 sequuntur
1233 836 1370 877 verbis
1394 852 1481 878 non
1507 852 1625 879 com-

249 908 461 966 prehendi
503 909 690 964 potuisse
737 907 1105 963 comparationem
1152 906 1268 947 urbis
1311 909 1493 964 ealigine
1542 911 1624 949 cir-

253 980 482 1022 cumdatae
521 993 621 1020 cum
655 979 897 1019 Inferorum
930 977 1135 1026 tenebris,
1178 979 1252 1019 sed
1289 980 1454 1035 aliquid
1488 983 1625 1021 multo

252 1052 500 1108 simplicius.
557 1051 696 1091 Creon
726 1057 868 1091 autem
901 1050 1107 1090 continuo
1142 1058 1239 1106 post
1271 1051 1379 1092 haec
1409 1060 1555 1093 narrat
1587 1068 1629 1093 se

250 1124 328 1164 filii
368 1123 554 1164 cadaver
595 1137 645 1162 ex
687 1135 736 1162 eo
768 1123 865 1162 loco
896 1121 1129 1177 portavisse
1166 1123 1208 1161 in
1239 1137 1369 1177 quem
1401 1123 1471 1163 hic
1503 1138 1544 1164 se
1577 1125 1630 1164 de

251 1197 382 1236 muris
419 1194 808 1250 praecipitavisset:
853 1207 950 1233 eum
993 1199 1135 1232 autem
1175 1194 1320 1233 locum
1353 1194 1479 1234 fuisse
1510 1202 1630 1236 extra

253 1267 427 1316 urbem,
464 1267 574 1306 inter
600 1266 767 1305 moenia
804 1271 843 1304 et
879 1265 1056 1312 fossam,
1093 1277 1143 1304 ex
1174 1264 1258 1303 hac
1290 1264 1436 1305 fabula
1471 1267 1632 1323 colligi-

254 1345 347 1389 tur,
394 1337 742 1391 confirmantque
773 1349 887 1390 quae
920 1335 1094 1375 aliunde
1125 1335 1253 1375 docte
1284 1337 1519 1377 cumulavit
1551 1338 1632 1378 Un-

254 1424 405 1466 gerus‚
449 1408 614 1450 Comm-
652 1407 707 1448 cle
751 1407 875 1447 Theb,
915 1406 1068 1446 Boeot.
1103 1407 1326 1460 primord.
1367 1423 1412 1463 p.
1452 1407 1535 1448 110
1565 1423 1628 1464 sq.

254 1482 305 1521 In
334 1481 406 1521 illa
438 1480 569 1536 igitur
598 1478 781 1534 caligine
811 1484 936 1533 pater
962 1477 1180 1518 Menoeeei
1210 1478 1396 1519 cadaver
1424 1493 1634 1534 quaerere

252 1551 424 1593 debuit:
483 1551 537 1591 de
578 1563 669 1606 quo
714 1551 870 1590 mirum
905 1562 993 1589 non
1039 1549 1090 1589 sit
1133 1550 1164 1589 si
1196 1549 1281 1590 hoc
1313 1550 1378 1591 vel
1410 1551 1544 1591 simile
1576 1551 1637 1591 di-

254 1629 347 1664 cat:
403 1628 556 1663 »tanta
596 1621 892 1662 circumdatur
931 1620 1032 1661 urbs
1074 1621 1282 1676 caligine,
1326 1627 1372 1661 ut
1403 1622 1514 1663 viam
1546 1624 1635 1678 pal-

253 1694 403 1751 pando
431 1707 638 1749 quaerere
664 1692 909 1742 debuerim,
941 1707 1079 1747 quum
1107 1692 1183 1732 filii
1212 1692 1398 1734 cadaver
1426 1693 1514 1734 huc
1538 1708 1636 1749 por-

255 1766 434 1807 tarem.’'
492 1765 608 1805 Haec
651 1778 701 1804 eo
738 1777 875 1819 usque
912 1764 1060 1804 videor
1099 1763 1200 1804 mihi
1233 1765 1453 1804 restituere
1483 1778 1632 1820 posse,

255 1844 304 1878 ut
332 1837 547 1893 corrigam
586 1840 678 1885 ὥςτε
711 1835 778 1877 διὰ
810 1838 962 1895 χεροῖνε
1009 1849 1123 1891 quae
1165 1842 1429 1891 sequuntur,
1473 1836 1504 1876 si
1536 1837 1639 1876 olim

256 1909 302 1949 in
340 1909 468 1949 litura
508 1908 704 1957 fuerunt,
751 1915 796 1948 ut
832 1914 999 1948 tantum
1030 1907 1258 1962 perspicue
1292 1908 1505 1963 legeretur
1544 1912 1638 1956 ὥςτε

259 1978 449 2038 διαχερο,
492 1979 663 2035 putavit
707 1978 862 2033 aliquis
904 1978 1155 2033 Euripidem
1200 1978 1415 2034 scripsisse
1454 1983 1555 2021 ὥστε
1588 1978 1636 2021 δι’

258 2050 401 2110 Ἀχέρο
423 2075 481 2080 --
507 2064 558 2090 ac
589 2050 780 2105 reliqua,
816 2063 904 2090 non
934 2063 1089 2090 curans
1115 2056 1321 2098 metrum,
1355 2051 1639 2105 quodammo-

259 2123 316 2163 do
349 2121 584 2177 supplevit‚
625 2121 810 2169 scilicet,
848 2137 929 2169 ντος
961 2121 1051 2162 ἱέναι
1081 2120 1221 2176 (quod
1245 2121 1288 2161 in
1317 2121 1483 2176 aliquot
1508 2123 1638 2162 codd.

260 2194 459 2250 legitur),
490 2207 578 2233 non
602 2193 712 2234 ἱέναιε
739 2193 979 2248 intelligens
1006 2192 1147 2232 dicere
1165 2191 1413 2232 Creontem:
1441 2198 1491 2232 ut
1518 2192 1646 2249 (lam-

261 2264 417 2322 quam)
446 2279 536 2321 per
566 2263 862 2304 Acherontem
897 2264 1102 2304 incedere
1131 2263 1374 2304 debuerim.
1424 2263 1642 2306 Acheron-

264 2345 349 2379 tem
395 2343 538 2377 autem
568 2336 749 2376 fluvium
781 2349 946 2390 ponens
989 2348 1070 2390 pro
1106 2333 1313 2389 Inferis,
1362 2336 1646 2376 recentiorem

266 2409 470 2452 vocabuli
503 2422 625 2448 usum
655 2407 851 2463 Euripidi
880 2406 1053 2456 tribuit,
1087 2420 1169 2446 nec
1199 2412 1340 2446 tamen
1371 2406 1497 2462 longe
1531 2421 1554 2448 a
1581 2422 1647 2449 ve=

266 2495 314 2522 ra
355 2481 564 2521 sententia
606 2478 844 2524 aberravit,
889 2478 964 2518 nisi
995 2491 1074 2534 ego
1104 2477 1378 2518 vehementer
1408 2492 1528 2519 erro:
1571 2493 1647 2535 po—

268 2554 350 2594 tuit
381 2553 494 2593 enim
528 2551 670 2591 dicere
701 2549 838 2590 Creon
868 2565 905 2591 v.
932 2565 1018 2605 gr.:
1053 2550 1095 2595 ἣν
1127 2547 1234 2609 πέριξ
1269 2552 1349 2606 ἔχει
1380 2551 1480 2608 νέφος
1520 2555 1648 2593 τοσοῦ-

270 2641 332 2668 τον
391 2623 469 2680 (sie
513 2623 679 2677 aliquot
721 2620 861 2675 libri),
916 2626 1008 2670 ὥςτε
1050 2620 1117 2663 διὰ
1159 2624 1286 2681 χεροῖν
1327 2621 1508 2682 μ’ἐχρῆν
1540 2622 1651 2665 ἰδεῖν.

274 2697 371 2737 Non
405 2694 595 2735 absimile
627 2700 686 2733 est
716 2695 759 2733 in
790 2693 1020 2734 Plutarcho
1053 2693 1097 2734 Τ.
1121 2693 1175 2733 ΙΙ.
1204 2692 1364 2749 Ῑ).,589.
1390 2694 1434 2734 b.
1468 2693 1539 2737 ὑπὸ
1564 2698 1650 2737 σκό-

274 2783 329 2827 τῳ
364 2765 431 2808 διὰ
472 2771 593 2825 φωνῆς
634 2765 901 2823 ψηλαφῶντες
948 2765 1069 2820 quod
1122 2765 1300 2806 contulit
1348 2765 1558 2823 Reisigius
1598 2768 1653 2808 ad
