<?xml version="1.0" encoding="UTF-8"?>
<!DOCTYPE html PUBLIC "-//W3C//DTD XHTML 1.0 Transitional//EN"
    "http://www.w3.org/TR/xhtml1/DTD/xhtml1-transitional.dtd">
<html xmlns="http://www.w3.org/1999/xhtml" xml:lang="en" lang="en">
 <head>
  <title>
</title>
<meta http-equiv="Content-Type" content="text/html;charset=utf-8" />
  <meta name='ocr-system' content='tesseract 3.04.00' />
  <meta name='ocr-capabilities' content='ocr_page ocr_carea ocr_par ocr_line ocrx_word'/>
</head>
<body>
  <div class='ocr_page' id='page_1' title='image "./phoenissaecumcom00euriuoft_0141.png"; bbox 0 0 2020 3326; ppageno 0'>
   <div class='ocr_carea' id='block_1_1' title="bbox 660 210 1635 258">
    <p class='ocr_par' dir='ltr' id='par_1_1' title="bbox 660 210 1635 258">
     <span class='ocr_line' id='line_1_1' title="bbox 660 210 1635 258; baseline 0.008 -8"><span class='ocrx_word' id='word_1_1' title='bbox 660 210 1227 255; x_wconf 81' lang='lat' dir='ltr'><strong>COMMENTARIUS.</strong></span> <span class='ocrx_word' id='word_1_2' title='bbox 1560 218 1635 258; x_wconf 78' lang='lat'>121</span> 
     </span>
    </p>
   </div>
   <div class='ocr_carea' id='block_1_2' title="bbox 262 349 1647 2705">
    <p class='ocr_par' dir='ltr' id='par_1_2' title="bbox 262 349 1647 2705">
     <span class='ocr_line' id='line_1_2' title="bbox 263 349 1638 412; baseline 0.003 -22"><span class='ocrx_word' id='word_1_3' title='bbox 263 364 446 390; x_wconf 85' lang='lat' dir='ltr'>mannus</span> <span class='ocrx_word' id='word_1_4' title='bbox 489 349 714 405; x_wconf 74' lang='lat' dir='ltr'>adscripsit</span> <span class='ocrx_word' id='word_1_5' title='bbox 747 350 790 390; x_wconf 90' lang='lat' dir='ltr'>in</span> <span class='ocrx_word' id='word_1_6' title='bbox 825 363 900 412; x_wconf 77' lang='lat' dir='ltr'>sua</span> <span class='ocrx_word' id='word_1_7' title='bbox 932 350 1121 391; x_wconf 78' lang='lat' dir='ltr'>Fabulae</span> <span class='ocrx_word' id='word_1_8' title='bbox 1159 351 1369 394; x_wconf 88' lang='lat' dir='ltr'>editione:</span> <span class='ocrx_word' id='word_1_9' title='bbox 1417 353 1638 410; x_wconf 82' lang='lat' dir='ltr'>»Lepide‚</span> 
     </span>
     <span class='ocr_line' id='line_1_3' title="bbox 265 421 1644 478; baseline 0.003 -16"><span class='ocrx_word' id='word_1_10' title='bbox 265 422 406 478; x_wconf 87' lang='lat' dir='ltr'>inquit</span> <span class='ocrx_word' id='word_1_11' title='bbox 436 421 720 471; x_wconf 77' lang='lat' dir='ltr'>Schaefems,</span> <span class='ocrx_word' id='word_1_12' title='bbox 757 421 920 461; x_wconf 79' lang='lat' dir='ltr'>ridetur</span> <span class='ocrx_word' id='word_1_13' title='bbox 950 422 1119 478; x_wconf 81' lang='lat' dir='ltr'>Phryx,</span> <span class='ocrx_word' id='word_1_14' title='bbox 1164 424 1232 464; x_wconf 88' lang='lat' dir='ltr'>cui</span> <span class='ocrx_word' id='word_1_15' title='bbox 1268 425 1496 465; x_wconf 88' lang='lat' dir='ltr'>terribilior</span> <span class='ocrx_word' id='word_1_16' title='bbox 1524 426 1644 468; x_wconf 90' lang='lat' dir='ltr'>vide-</span> 
     </span>
     <span class='ocr_line' id='line_1_4' title="bbox 266 493 1643 554; baseline 0.004 -21"><span class='ocrx_word' id='word_1_17' title='bbox 266 500 337 534; x_wconf 87' lang='lat' dir='ltr'>tur</span> <span class='ocrx_word' id='word_1_18' title='bbox 361 508 475 535; x_wconf 89' lang='lat' dir='ltr'>mors</span> <span class='ocrx_word' id='word_1_19' title='bbox 512 509 644 550; x_wconf 84' lang='lat' dir='ltr'>quam</span> <span class='ocrx_word' id='word_1_20' title='bbox 671 493 922 541; x_wconf 62' lang='grc' dir='ltr'>άπολίθωσις.</span> <span class='ocrx_word' id='word_1_21' title='bbox 962 519 1016 524; x_wconf 80' lang='lat'>—-</span> <span class='ocrx_word' id='word_1_22' title='bbox 1049 495 1200 551; x_wconf 83' lang='lat' dir='ltr'>Neque</span> <span class='ocrx_word' id='word_1_23' title='bbox 1230 496 1300 536; x_wconf 91' lang='lat' dir='ltr'>hic</span> <span class='ocrx_word' id='word_1_24' title='bbox 1324 498 1446 552; x_wconf 88' lang='lat' dir='ltr'>lepor</span> <span class='ocrx_word' id='word_1_25' title='bbox 1473 505 1643 554; x_wconf 82' lang='lat' dir='ltr'>tragoe-</span> 
     </span>
     <span class='ocr_line' id='line_1_5' title="bbox 266 566 1643 625; baseline 0.003 -19"><span class='ocrx_word' id='word_1_26' title='bbox 266 566 381 606; x_wconf 85' lang='lat' dir='ltr'>diam</span> <span class='ocrx_word' id='word_1_27' title='bbox 411 566 556 614; x_wconf 84' lang='lat' dir='ltr'>decet,</span> <span class='ocrx_word' id='word_1_28' title='bbox 593 580 734 622; x_wconf 88' lang='lat' dir='ltr'>neque</span> <span class='ocrx_word' id='word_1_29' title='bbox 766 566 1005 607; x_wconf 63' lang='grc' dir='ltr'>ἀπολίὲωσιν</span> <span class='ocrx_word' id='word_1_30' title='bbox 1036 567 1185 617; x_wconf 81' lang='lat' dir='ltr'>homo,</span> <span class='ocrx_word' id='word_1_31' title='bbox 1218 569 1286 608; x_wconf 81' lang='lat' dir='ltr'>cui</span> <span class='ocrx_word' id='word_1_32' title='bbox 1315 570 1460 625; x_wconf 80' lang='lat' dir='ltr'>ignota</span> <span class='ocrx_word' id='word_1_33' title='bbox 1490 576 1550 610; x_wconf 90' lang='lat' dir='ltr'>est</span> <span class='ocrx_word' id='word_1_34' title='bbox 1578 570 1643 610; x_wconf 84' lang='lat' dir='ltr'>fa-</span> 
     </span>
     <span class='ocr_line' id='line_1_6' title="bbox 263 637 1646 697; baseline 0.004 -19"><span class='ocrx_word' id='word_1_35' title='bbox 263 637 391 688; x_wconf 86' lang='lat' dir='ltr'>bula,</span> <span class='ocrx_word' id='word_1_36' title='bbox 427 645 563 678; x_wconf 89' lang='lat' dir='ltr'>morte</span> <span class='ocrx_word' id='word_1_37' title='bbox 594 638 889 678; x_wconf 74' lang='lat' dir='ltr'>terribiliorem</span> <span class='ocrx_word' id='word_1_38' title='bbox 919 645 1072 693; x_wconf 89' lang='lat' dir='ltr'>putare</span> <span class='ocrx_word' id='word_1_39' title='bbox 1103 641 1288 694; x_wconf 86' lang='lat' dir='ltr'>potest.’&#39;</span> <span class='ocrx_word' id='word_1_40' title='bbox 1328 641 1400 681; x_wconf 92' lang='lat' dir='ltr'>His</span> <span class='ocrx_word' id='word_1_41' title='bbox 1429 642 1558 697; x_wconf 85' lang='lat' dir='ltr'>plane</span> <span class='ocrx_word' id='word_1_42' title='bbox 1586 656 1646 683; x_wconf 82' lang='lat' dir='ltr'>as-</span> 
     </span>
     <span class='ocr_line' id='line_1_7' title="bbox 267 709 1646 772; baseline 0.003 -22"><span class='ocrx_word' id='word_1_43' title='bbox 267 710 447 759; x_wconf 88' lang='lat' dir='ltr'>sentior,</span> <span class='ocrx_word' id='word_1_44' title='bbox 490 711 569 750; x_wconf 88' lang='lat' dir='ltr'>nisi</span> <span class='ocrx_word' id='word_1_45' title='bbox 611 710 732 765; x_wconf 85' lang='lat' dir='ltr'>quod</span> <span class='ocrx_word' id='word_1_46' title='bbox 780 709 1033 750; x_wconf 76' lang='lat' dir='ltr'>addubitem</span> <span class='ocrx_word' id='word_1_47' title='bbox 1076 711 1258 752; x_wconf 87' lang='lat' dir='ltr'>fueritne</span> <span class='ocrx_word' id='word_1_48' title='bbox 1294 713 1423 753; x_wconf 83' lang='lat' dir='ltr'>Poeta</span> <span class='ocrx_word' id='word_1_49' title='bbox 1467 721 1646 772; x_wconf 85' lang='lat' dir='ltr'>coactus</span> 
     </span>
     <span class='ocr_line' id='line_1_8' title="bbox 266 781 1647 831; baseline 0.003 -9"><span class='ocrx_word' id='word_1_50' title='bbox 266 788 314 822; x_wconf 88' lang='lat' dir='ltr'>ut</span> <span class='ocrx_word' id='word_1_51' title='bbox 340 782 480 822; x_wconf 85' lang='lat' dir='ltr'>minus</span> <span class='ocrx_word' id='word_1_52' title='bbox 511 789 715 822; x_wconf 84' lang='lat' dir='ltr'>accurate</span> <span class='ocrx_word' id='word_1_53' title='bbox 742 781 969 831; x_wconf 79' lang='lat' dir='ltr'>scriberet,</span> <span class='ocrx_word' id='word_1_54' title='bbox 1006 796 1061 822; x_wconf 88' lang='lat' dir='ltr'>au</span> <span class='ocrx_word' id='word_1_55' title='bbox 1088 782 1247 823; x_wconf 85' lang='lat' dir='ltr'>librarii</span> <span class='ocrx_word' id='word_1_56' title='bbox 1276 784 1367 824; x_wconf 90' lang='lat' dir='ltr'>eius</span> <span class='ocrx_word' id='word_1_57' title='bbox 1396 784 1523 825; x_wconf 88' lang='lat' dir='ltr'>verba</span> <span class='ocrx_word' id='word_1_58' title='bbox 1556 800 1647 826; x_wconf 92' lang='lat' dir='ltr'>cor-</span> 
     </span>
     <span class='ocr_line' id='line_1_9' title="bbox 266 853 1640 917; baseline 0.005 -24"><span class='ocrx_word' id='word_1_59' title='bbox 266 853 475 910; x_wconf 85' lang='lat' dir='ltr'>ruperint.</span> <span class='ocrx_word' id='word_1_60' title='bbox 527 853 695 894; x_wconf 82' lang='lat' dir='ltr'>Orestes</span> <span class='ocrx_word' id='word_1_61' title='bbox 732 860 898 894; x_wconf 82' lang='lat' dir='ltr'>tantum</span> <span class='ocrx_word' id='word_1_62' title='bbox 941 854 1105 894; x_wconf 79' lang='lat' dir='ltr'>dixerat</span> <span class='ocrx_word' id='word_1_63' title='bbox 1146 859 1244 897; x_wconf 80' lang='grc' dir='ltr'>ὥστε</span> <span class='ocrx_word' id='word_1_64' title='bbox 1278 857 1435 917; x_wconf 74' lang='grc' dir='ltr'><em>Γοργόν’</em></span> <span class='ocrx_word' id='word_1_65' title='bbox 1470 856 1640 900; x_wconf 41' lang='lat' dir='ltr'>simeona:</span> 
     </span>
     <span class='ocr_line' id='line_1_10' title="bbox 265 925 1645 987; baseline 0.005 -23"><span class='ocrx_word' id='word_1_66' title='bbox 265 925 409 980; x_wconf 80' lang='lat' dir='ltr'>Phryx</span> <span class='ocrx_word' id='word_1_67' title='bbox 449 939 551 965; x_wconf 91' lang='lat' dir='ltr'>vero</span> <span class='ocrx_word' id='word_1_68' title='bbox 597 926 828 980; x_wconf 81' lang='lat' dir='ltr'>respondet</span> <span class='ocrx_word' id='word_1_69' title='bbox 873 927 1042 986; x_wconf 69' lang='grc' dir='ltr'>Γοργοῦς</span> <span class='ocrx_word' id='word_1_70' title='bbox 1082 931 1204 987; x_wconf 69' lang='grc' dir='ltr'><em>κάρα.</em></span> <span class='ocrx_word' id='word_1_71' title='bbox 1264 928 1306 968; x_wconf 93' lang='lat' dir='ltr'>Si</span> <span class='ocrx_word' id='word_1_72' title='bbox 1345 929 1415 969; x_wconf 90' lang='lat' dir='ltr'>hie</span> <span class='ocrx_word' id='word_1_73' title='bbox 1452 929 1645 971; x_wconf 82' lang='lat' dir='ltr'>fabulam</span> 
     </span>
     <span class='ocr_line' id='line_1_11' title="bbox 265 997 1645 1057; baseline 0.004 -19"><span class='ocrx_word' id='word_1_74' title='bbox 265 998 388 1038; x_wconf 87' lang='lat' dir='ltr'>istam</span> <span class='ocrx_word' id='word_1_75' title='bbox 420 1011 507 1038; x_wconf 84' lang='lat' dir='ltr'>non</span> <span class='ocrx_word' id='word_1_76' title='bbox 533 997 674 1046; x_wconf 82' lang='lat' dir='ltr'>novit,</span> <span class='ocrx_word' id='word_1_77' title='bbox 725 1005 771 1038; x_wconf 89' lang='lat' dir='ltr'>ut</span> <span class='ocrx_word' id='word_1_78' title='bbox 799 998 1002 1039; x_wconf 86' lang='lat' dir='ltr'>lubentur</span> <span class='ocrx_word' id='word_1_79' title='bbox 1031 1000 1185 1049; x_wconf 88' lang='lat' dir='ltr'>credo,</span> <span class='ocrx_word' id='word_1_80' title='bbox 1218 1015 1270 1040; x_wconf 84' lang='lat' dir='ltr'>ne</span> <span class='ocrx_word' id='word_1_81' title='bbox 1302 1007 1441 1056; x_wconf 70' lang='lat' dir='ltr'>eaput</span> <span class='ocrx_word' id='word_1_82' title='bbox 1466 1003 1645 1057; x_wconf 89' lang='lat' dir='ltr'>quidem</span> 
     </span>
     <span class='ocr_line' id='line_1_12' title="bbox 264 1069 1644 1126; baseline 0.004 -17"><span class='ocrx_word' id='word_1_83' title='bbox 264 1069 475 1123; x_wconf 84' lang='lat' dir='ltr'>Gorgonis</span> <span class='ocrx_word' id='word_1_84' title='bbox 498 1069 725 1110; x_wconf 86' lang='lat' dir='ltr'>commode</span> <span class='ocrx_word' id='word_1_85' title='bbox 753 1070 895 1110; x_wconf 83' lang='lat' dir='ltr'>dicere</span> <span class='ocrx_word' id='word_1_86' title='bbox 921 1077 1082 1126; x_wconf 86' lang='lat' dir='ltr'>potest:</span> <span class='ocrx_word' id='word_1_87' title='bbox 1115 1074 1285 1126; x_wconf 72' lang='lat' dir='ltr'>eape&#39;le&#39;s</span> <span class='ocrx_word' id='word_1_88' title='bbox 1314 1074 1427 1112; x_wconf 85' lang='lat' dir='ltr'>enim</span> <span class='ocrx_word' id='word_1_89' title='bbox 1455 1088 1644 1115; x_wconf 85' lang='lat' dir='ltr'>comme-</span> 
     </span>
     <span class='ocr_line' id='line_1_13' title="bbox 264 1141 1644 1197; baseline 0.004 -16"><span class='ocrx_word' id='word_1_90' title='bbox 264 1141 448 1182; x_wconf 85' lang='lat' dir='ltr'>moratio</span> <span class='ocrx_word' id='word_1_91' title='bbox 485 1141 791 1196; x_wconf 85' lang='lat' dir='ltr'>complectitur</span> <span class='ocrx_word' id='word_1_92' title='bbox 823 1143 1127 1197; x_wconf 76' lang='lat' dir='ltr'>cogitationem</span> <span class='ocrx_word' id='word_1_93' title='bbox 1159 1143 1213 1182; x_wconf 89' lang='lat' dir='ltr'>de</span> <span class='ocrx_word' id='word_1_94' title='bbox 1259 1143 1348 1183; x_wconf 89' lang='lat' dir='ltr'>eius</span> <span class='ocrx_word' id='word_1_95' title='bbox 1387 1143 1644 1186; x_wconf 81' lang='lat' dir='ltr'>abscissione</span> 
     </span>
     <span class='ocr_line' id='line_1_14' title="bbox 265 1212 1644 1271; baseline 0.004 -18"><span class='ocrx_word' id='word_1_96' title='bbox 265 1219 305 1253; x_wconf 87' lang='lat' dir='ltr'>et</span> <span class='ocrx_word' id='word_1_97' title='bbox 337 1212 513 1253; x_wconf 86' lang='lat' dir='ltr'>terribili</span> <span class='ocrx_word' id='word_1_98' title='bbox 547 1212 754 1267; x_wconf 87' lang='lat' dir='ltr'>adspectu</span> <span class='ocrx_word' id='word_1_99' title='bbox 790 1220 829 1252; x_wconf 90' lang='lat' dir='ltr'>et</span> <span class='ocrx_word' id='word_1_100' title='bbox 859 1214 1048 1268; x_wconf 79' lang='lat' dir='ltr'>reliquis,</span> <span class='ocrx_word' id='word_1_101' title='bbox 1092 1214 1248 1268; x_wconf 84' lang='lat' dir='ltr'>Itaque</span> <span class='ocrx_word' id='word_1_102' title='bbox 1276 1214 1360 1254; x_wconf 92' lang='lat' dir='ltr'>hoe</span> <span class='ocrx_word' id='word_1_103' title='bbox 1394 1216 1644 1271; x_wconf 82' lang='lat' dir='ltr'>Euripidem</span> 
     </span>
     <span class='ocr_line' id='line_1_15' title="bbox 263 1283 1641 1348; baseline 0.004 -23"><span class='ocrx_word' id='word_1_104' title='bbox 263 1285 483 1340; x_wconf 87' lang='lat' dir='ltr'>reliquisse</span> <span class='ocrx_word' id='word_1_105' title='bbox 512 1285 686 1340; x_wconf 83' lang='lat' dir='ltr'>opinor:</span> <span class='ocrx_word' id='word_1_106' title='bbox 717 1284 759 1325; x_wconf 86' lang='grc' dir='ltr'>τὸ</span> <span class='ocrx_word' id='word_1_107' title='bbox 792 1286 959 1345; x_wconf 70' lang='grc' dir='ltr'>Γοργοῦς</span> <span class='ocrx_word' id='word_1_108' title='bbox 993 1283 1031 1326; x_wconf 72' lang='grc' dir='ltr'>δ’</span> <span class='ocrx_word' id='word_1_109' title='bbox 1063 1285 1104 1327; x_wconf 74' lang='grc' dir='ltr'>οὐ</span> <span class='ocrx_word' id='word_1_110' title='bbox 1137 1284 1289 1327; x_wconf 65' lang='grc' dir='ltr'>κάτοιδ’</span> <span class='ocrx_word' id='word_1_111' title='bbox 1320 1285 1398 1343; x_wconf 74' lang='grc' dir='ltr'>ἐγὼ</span> <span class='ocrx_word' id='word_1_112' title='bbox 1430 1289 1536 1348; x_wconf 66' lang='grc' dir='ltr'>πτέρις</span> <span class='ocrx_word' id='word_1_113' title='bbox 1582 1290 1641 1330; x_wconf 84' lang='lat' dir='ltr'>cf.</span> 
     </span>
     <span class='ocr_line' id='line_1_16' title="bbox 267 1354 1644 1421; baseline 0.004 -25"><span class='ocrx_word' id='word_1_114' title='bbox 267 1356 403 1412; x_wconf 89' lang='lat' dir='ltr'>Soph.</span> <span class='ocrx_word' id='word_1_115' title='bbox 431 1355 555 1396; x_wconf 73' lang='lat' dir='ltr'>I’lu&#39;l.</span> <span class='ocrx_word' id='word_1_116' title='bbox 579 1354 678 1396; x_wconf 77' lang='lat'>553.</span> <span class='ocrx_word' id='word_1_117' title='bbox 715 1355 825 1399; x_wconf 68' lang='grc' dir='ltr'>οὐδὲν</span> <span class='ocrx_word' id='word_1_118' title='bbox 846 1383 903 1387; x_wconf 80' lang='lat'>—-</span> <span class='ocrx_word' id='word_1_119' title='bbox 924 1359 1122 1399; x_wconf 61' lang='grc' dir='ltr'>κάτοισθα</span> <span class='ocrx_word' id='word_1_120' title='bbox 1146 1364 1221 1400; x_wconf 73' lang='grc' dir='ltr'>τῶν</span> <span class='ocrx_word' id='word_1_121' title='bbox 1257 1363 1400 1401; x_wconf 73' lang='grc' dir='ltr'>σαυτοῦ</span> <span class='ocrx_word' id='word_1_122' title='bbox 1433 1362 1531 1421; x_wconf 72' lang='grc' dir='ltr'><em>πέρι.</em></span> <span class='ocrx_word' id='word_1_123' title='bbox 1571 1361 1644 1402; x_wconf 88' lang='lat' dir='ltr'>In-</span> 
     </span>
     <span class='ocr_line' id='line_1_17' title="bbox 264 1428 1646 1489; baseline 0.005 -22"><span class='ocrx_word' id='word_1_124' title='bbox 264 1428 471 1484; x_wconf 84' lang='lat' dir='ltr'>telligitur</span> <span class='ocrx_word' id='word_1_125' title='bbox 495 1435 638 1468; x_wconf 72' lang='lat' dir='ltr'>autem</span> <span class='ocrx_word' id='word_1_126' title='bbox 664 1443 797 1484; x_wconf 84' lang='lat' dir='ltr'>quam</span> <span class='ocrx_word' id='word_1_127' title='bbox 824 1431 950 1485; x_wconf 90' lang='lat' dir='ltr'>proni</span> <span class='ocrx_word' id='word_1_128' title='bbox 977 1430 1201 1471; x_wconf 88' lang='lat' dir='ltr'>histriones</span> <span class='ocrx_word' id='word_1_129' title='bbox 1228 1445 1315 1472; x_wconf 89' lang='lat' dir='ltr'>esse</span> <span class='ocrx_word' id='word_1_130' title='bbox 1342 1434 1559 1489; x_wconf 89' lang='lat' dir='ltr'>potuerint</span> <span class='ocrx_word' id='word_1_131' title='bbox 1590 1434 1646 1474; x_wconf 88' lang='lat' dir='ltr'>ad</span> 
     </span>
     <span class='ocr_line' id='line_1_18' title="bbox 264 1499 1639 1558; baseline 0.004 -18"><span class='ocrx_word' id='word_1_132' title='bbox 264 1499 379 1541; x_wconf 84' lang='lat' dir='ltr'>hane</span> <span class='ocrx_word' id='word_1_133' title='bbox 411 1501 711 1550; x_wconf 82' lang='lat' dir='ltr'>mutationem,</span> <span class='ocrx_word' id='word_1_134' title='bbox 743 1516 879 1557; x_wconf 86' lang='lat' dir='ltr'>quum</span> <span class='ocrx_word' id='word_1_135' title='bbox 907 1502 1037 1543; x_wconf 91' lang='lat' dir='ltr'>hodie</span> <span class='ocrx_word' id='word_1_136' title='bbox 1069 1517 1250 1558; x_wconf 72' lang='lat' dir='ltr'>quoque</span> <span class='ocrx_word' id='word_1_137' title='bbox 1280 1505 1437 1545; x_wconf 88' lang='lat' dir='ltr'>multos</span> <span class='ocrx_word' id='word_1_138' title='bbox 1467 1506 1639 1546; x_wconf 86' lang='lat' dir='ltr'>criticos</span> 
     </span>
     <span class='ocr_line' id='line_1_19' title="bbox 263 1572 1541 1633; baseline 0.004 -21"><span class='ocrx_word' id='word_1_139' title='bbox 263 1572 439 1628; x_wconf 83' lang='lat' dir='ltr'>sugerit,</span> <span class='ocrx_word' id='word_1_140' title='bbox 480 1579 655 1628; x_wconf 85' lang='lat' dir='ltr'>recepto</span> <span class='ocrx_word' id='word_1_141' title='bbox 690 1577 797 1633; x_wconf 68' lang='grc' dir='ltr'>κάρα</span> <span class='ocrx_word' id='word_1_142' title='bbox 836 1581 1088 1629; x_wconf 84' lang='lat' dir='ltr'>corruptam</span> <span class='ocrx_word' id='word_1_143' title='bbox 1119 1575 1244 1616; x_wconf 87' lang='lat' dir='ltr'>fuisse</span> <span class='ocrx_word' id='word_1_144' title='bbox 1275 1577 1541 1617; x_wconf 84' lang='lat' dir='ltr'>sententiam.</span> 
     </span>
     <span class='ocr_line' id='line_1_20' title="bbox 321 1643 1644 1704; baseline 0.003 -19"><span class='ocrx_word' id='word_1_145' title='bbox 321 1643 421 1685; x_wconf 76' lang='lat'><strong>461.</strong></span> <span class='ocrx_word' id='word_1_146' title='bbox 470 1644 519 1692; x_wconf 70' lang='grc' dir='ltr'>εἷς</span> <span class='ocrx_word' id='word_1_147' title='bbox 551 1645 628 1704; x_wconf 72' lang='grc' dir='ltr'>γάρ</span> <span class='ocrx_word' id='word_1_148' title='bbox 661 1646 801 1688; x_wconf 69' lang='grc' dir='ltr'>ταύτὸν</span> <span class='ocrx_word' id='word_1_149' title='bbox 834 1650 978 1703; x_wconf 77' lang='grc' dir='ltr'>ὄμμασι</span> <span class='ocrx_word' id='word_1_150' title='bbox 1011 1645 1178 1702; x_wconf 69' lang='grc' dir='ltr'>βλέπων.</span> <span class='ocrx_word' id='word_1_151' title='bbox 1227 1647 1277 1687; x_wconf 88' lang='lat' dir='ltr'>In</span> <span class='ocrx_word' id='word_1_152' title='bbox 1309 1649 1516 1689; x_wconf 81' lang='lat' dir='ltr'>sententia</span> <span class='ocrx_word' id='word_1_153' title='bbox 1545 1650 1644 1704; x_wconf 82' lang='lat' dir='ltr'>qui-</span> 
     </span>
     <span class='ocr_line' id='line_1_21' title="bbox 265 1716 1646 1772; baseline 0.003 -16"><span class='ocrx_word' id='word_1_154' title='bbox 265 1716 385 1765; x_wconf 89' lang='lat' dir='ltr'>dem,</span> <span class='ocrx_word' id='word_1_155' title='bbox 427 1730 541 1772; x_wconf 82' lang='lat' dir='ltr'>quae</span> <span class='ocrx_word' id='word_1_156' title='bbox 579 1717 745 1768; x_wconf 87' lang='lat' dir='ltr'>subest,</span> <span class='ocrx_word' id='word_1_157' title='bbox 780 1732 868 1759; x_wconf 87' lang='lat' dir='ltr'>non</span> <span class='ocrx_word' id='word_1_158' title='bbox 902 1719 1081 1760; x_wconf 87' lang='lat' dir='ltr'>haereo:</span> <span class='ocrx_word' id='word_1_159' title='bbox 1126 1726 1185 1759; x_wconf 88' lang='lat' dir='ltr'>est</span> <span class='ocrx_word' id='word_1_160' title='bbox 1218 1720 1329 1760; x_wconf 85' lang='lat' dir='ltr'>enim</span> <span class='ocrx_word' id='word_1_161' title='bbox 1363 1733 1460 1760; x_wconf 85' lang='lat' dir='ltr'>vera</span> <span class='ocrx_word' id='word_1_162' title='bbox 1493 1727 1532 1760; x_wconf 92' lang='lat' dir='ltr'>et</span> <span class='ocrx_word' id='word_1_163' title='bbox 1570 1735 1646 1762; x_wconf 89' lang='lat' dir='ltr'>usu</span> 
     </span>
     <span class='ocr_line' id='line_1_22' title="bbox 265 1787 1643 1847; baseline 0.003 -19"><span class='ocrx_word' id='word_1_164' title='bbox 265 1787 564 1844; x_wconf 85' lang='lat' dir='ltr'>comprobata.</span> <span class='ocrx_word' id='word_1_165' title='bbox 610 1790 694 1830; x_wconf 84' lang='lat' dir='ltr'>Sed</span> <span class='ocrx_word' id='word_1_166' title='bbox 726 1791 904 1846; x_wconf 89' lang='lat' dir='ltr'>impedit</span> <span class='ocrx_word' id='word_1_167' title='bbox 937 1805 1004 1831; x_wconf 89' lang='lat' dir='ltr'>me</span> <span class='ocrx_word' id='word_1_168' title='bbox 1031 1790 1181 1833; x_wconf 73' lang='grc' dir='ltr'><strong>ταύτόν.</strong></span> <span class='ocrx_word' id='word_1_169' title='bbox 1229 1791 1345 1842; x_wconf 81' lang='lat' dir='ltr'>Quid</span> <span class='ocrx_word' id='word_1_170' title='bbox 1377 1792 1488 1831; x_wconf 86' lang='lat' dir='ltr'>enim</span> <span class='ocrx_word' id='word_1_171' title='bbox 1515 1792 1643 1847; x_wconf 82' lang='lat' dir='ltr'>signi-</span> 
     </span>
     <span class='ocr_line' id='line_1_23' title="bbox 262 1859 1645 1919; baseline 0.004 -21"><span class='ocrx_word' id='word_1_172' title='bbox 262 1859 398 1900; x_wconf 80' lang='lat' dir='ltr'>ficat?</span> <span class='ocrx_word' id='word_1_173' title='bbox 429 1860 546 1900; x_wconf 69' lang='lat' dir='ltr'>idem</span> <span class='ocrx_word' id='word_1_174' title='bbox 583 1861 871 1917; x_wconf 67' lang='lat' dir='ltr'>adspiciens,</span> <span class='ocrx_word' id='word_1_175' title='bbox 907 1863 1029 1919; x_wconf 73' lang='lat' dir='ltr'>quod</span> <span class='ocrx_word' id='word_1_176' title='bbox 1050 1863 1218 1918; x_wconf 72' lang='lat' dir='ltr'>frater</span> <span class='ocrx_word' id='word_1_177' title='bbox 1245 1862 1390 1903; x_wconf 75' lang='lat' dir='ltr'>tuus?</span> <span class='ocrx_word' id='word_1_178' title='bbox 1422 1863 1506 1902; x_wconf 86' lang='lat' dir='ltr'>Sed</span> <span class='ocrx_word' id='word_1_179' title='bbox 1538 1864 1645 1903; x_wconf 88' lang='lat' dir='ltr'>alter</span> 
     </span>
     <span class='ocr_line' id='line_1_24' title="bbox 265 1931 1642 1990; baseline 0.004 -20"><span class='ocrx_word' id='word_1_180' title='bbox 265 1931 448 1971; x_wconf 88' lang='lat' dir='ltr'>alterum</span> <span class='ocrx_word' id='word_1_181' title='bbox 468 1931 692 1988; x_wconf 85' lang='lat' dir='ltr'>adspicere</span> <span class='ocrx_word' id='word_1_182' title='bbox 710 1933 919 1979; x_wconf 74' lang='lat' dir='ltr'>debebat,</span> <span class='ocrx_word' id='word_1_183' title='bbox 951 1935 1146 1975; x_wconf 87' lang='lat' dir='ltr'>Eteocles</span> <span class='ocrx_word' id='word_1_184' title='bbox 1163 1935 1410 1988; x_wconf 86' lang='lat' dir='ltr'>Polynicem</span> <span class='ocrx_word' id='word_1_185' title='bbox 1426 1966 1435 1982; x_wconf 80' lang='lat'>‚</span> <span class='ocrx_word' id='word_1_186' title='bbox 1468 1935 1642 1990; x_wconf 83' lang='lat' dir='ltr'>Polyni-</span> 
     </span>
     <span class='ocr_line' id='line_1_25' title="bbox 268 2003 1644 2060; baseline 0.005 -19"><span class='ocrx_word' id='word_1_187' title='bbox 268 2015 338 2042; x_wconf 89' lang='lat' dir='ltr'>ces</span> <span class='ocrx_word' id='word_1_188' title='bbox 354 2003 595 2053; x_wconf 80' lang='lat' dir='ltr'>Eteoelem3</span> <span class='ocrx_word' id='word_1_189' title='bbox 629 2005 758 2058; x_wconf 80' lang='lat' dir='ltr'>quale</span> <span class='ocrx_word' id='word_1_190' title='bbox 785 2007 1034 2060; x_wconf 84' lang='lat' dir='ltr'>equisonem</span> <span class='ocrx_word' id='word_1_191' title='bbox 1066 2012 1106 2046; x_wconf 89' lang='lat' dir='ltr'>et</span> <span class='ocrx_word' id='word_1_192' title='bbox 1134 2020 1295 2060; x_wconf 88' lang='lat' dir='ltr'>equum</span> <span class='ocrx_word' id='word_1_193' title='bbox 1324 2006 1464 2046; x_wconf 81' lang='lat' dir='ltr'>faeere</span> <span class='ocrx_word' id='word_1_194' title='bbox 1492 2007 1644 2048; x_wconf 83' lang='lat' dir='ltr'>suadet</span> 
     </span>
     <span class='ocr_line' id='line_1_26' title="bbox 270 2073 1643 2131; baseline 0.004 -18"><span class='ocrx_word' id='word_1_195' title='bbox 270 2073 471 2129; x_wconf 87' lang='lat' dir='ltr'>Xenoph.</span> <span class='ocrx_word' id='word_1_196' title='bbox 494 2074 550 2117; x_wconf 91' lang='grc' dir='ltr'>Π.</span> <span class='ocrx_word' id='word_1_197' title='bbox 579 2074 604 2114; x_wconf 84' lang='grc' dir='ltr'>ἱ.</span> <span class='ocrx_word' id='word_1_198' title='bbox 628 2088 665 2114; x_wconf 85' lang='lat' dir='ltr'>c.</span> <span class='ocrx_word' id='word_1_199' title='bbox 685 2074 725 2114; x_wconf 87' lang='lat'>6.</span> <span class='ocrx_word' id='word_1_200' title='bbox 750 2075 823 2115; x_wconf 89' lang='lat' dir='ltr'>ubi</span> <span class='ocrx_word' id='word_1_201' title='bbox 841 2083 1126 2131; x_wconf 86' lang='lat' dir='ltr'>opponuntur</span> <span class='ocrx_word' id='word_1_202' title='bbox 1149 2077 1198 2124; x_wconf 77' lang='grc' dir='ltr'>εἰς</span> <span class='ocrx_word' id='word_1_203' title='bbox 1230 2077 1272 2117; x_wconf 84' lang='grc' dir='ltr'>τὸ</span> <span class='ocrx_word' id='word_1_204' title='bbox 1303 2077 1397 2118; x_wconf 68' lang='grc' dir='ltr'>αὐτὸ</span> <span class='ocrx_word' id='word_1_205' title='bbox 1419 2075 1570 2131; x_wconf 71' lang='grc' dir='ltr'>βλέπειν</span> <span class='ocrx_word' id='word_1_206' title='bbox 1602 2085 1643 2119; x_wconf 88' lang='lat' dir='ltr'>et</span> 
     </span>
     <span class='ocr_line' id='line_1_27' title="bbox 267 2145 1645 2204; baseline 0.003 -18"><span class='ocrx_word' id='word_1_207' title='bbox 267 2145 380 2186; x_wconf 72' lang='grc' dir='ltr'><em>ἀντία</em></span> <span class='ocrx_word' id='word_1_208' title='bbox 423 2145 516 2204; x_wconf 76' lang='grc' dir='ltr'><em>ὀροῖν</em></span> <span class='ocrx_word' id='word_1_209' title='bbox 558 2170 642 2186; x_wconf 85' lang='lat'>—.</span> <span class='ocrx_word' id='word_1_210' title='bbox 710 2146 985 2201; x_wconf 72' lang='lat' dir='ltr'>Adspiciens</span> <span class='ocrx_word' id='word_1_211' title='bbox 1026 2148 1143 2188; x_wconf 76' lang='lat' dir='ltr'>idem</span> <span class='ocrx_word' id='word_1_212' title='bbox 1194 2149 1318 2202; x_wconf 76' lang='lat' dir='ltr'>quod</span> <span class='ocrx_word' id='word_1_213' title='bbox 1353 2149 1560 2189; x_wconf 58' lang='lat' dir='ltr'>(lecimus</span> <span class='ocrx_word' id='word_1_214' title='bbox 1602 2155 1645 2190; x_wconf 78' lang='lat' dir='ltr'>et</span> 
     </span>
     <span class='ocr_line' id='line_1_28' title="bbox 267 2217 1645 2275; baseline 0.004 -18"><span class='ocrx_word' id='word_1_215' title='bbox 267 2217 514 2257; x_wconf 62' lang='lat' dir='ltr'>auditurus</span> <span class='ocrx_word' id='word_1_216' title='bbox 543 2217 626 2257; x_wconf 66' lang='lat' dir='ltr'>esf?</span> <span class='ocrx_word' id='word_1_217' title='bbox 661 2217 909 2258; x_wconf 88' lang='lat' dir='ltr'>Absurdum</span> <span class='ocrx_word' id='word_1_218' title='bbox 928 2243 986 2249; x_wconf 86' lang='lat'>-</span> <span class='ocrx_word' id='word_1_219' title='bbox 1016 2219 1289 2274; x_wconf 68' lang='lat' dir='ltr'>Aclspt&#39;ce&#39;ens</span> <span class='ocrx_word' id='word_1_220' title='bbox 1318 2220 1367 2259; x_wconf 70' lang='lat' dir='ltr'>id</span> <span class='ocrx_word' id='word_1_221' title='bbox 1387 2221 1510 2275; x_wconf 76' lang='lat' dir='ltr'>quod</span> <span class='ocrx_word' id='word_1_222' title='bbox 1528 2221 1645 2262; x_wconf 72' lang='lat' dir='ltr'>idem</span> 
     </span>
     <span class='ocr_line' id='line_1_29' title="bbox 263 2289 1639 2344; baseline 0.004 -16"><span class='ocrx_word' id='word_1_223' title='bbox 263 2294 330 2329; x_wconf 78' lang='lat' dir='ltr'>est</span> <span class='ocrx_word' id='word_1_224' title='bbox 361 2294 498 2344; x_wconf 77' lang='lat' dir='ltr'>atque</span> <span class='ocrx_word' id='word_1_225' title='bbox 537 2289 656 2329; x_wconf 64' lang='lat' dir='ltr'><em>oculi</em></span> <span class='ocrx_word' id='word_1_226' title='bbox 687 2289 788 2329; x_wconf 60' lang='lat' dir='ltr'>tat?</span> <span class='ocrx_word' id='word_1_227' title='bbox 831 2291 923 2330; x_wconf 89' lang='lat' dir='ltr'>Hoc</span> <span class='ocrx_word' id='word_1_228' title='bbox 958 2290 1198 2330; x_wconf 84' lang='lat' dir='ltr'>Scholiasta</span> <span class='ocrx_word' id='word_1_229' title='bbox 1234 2291 1404 2332; x_wconf 88' lang='lat' dir='ltr'>videtur</span> <span class='ocrx_word' id='word_1_230' title='bbox 1437 2293 1639 2334; x_wconf 86' lang='lat' dir='ltr'>voluisse:</span> 
     </span>
     <span class='ocr_line' id='line_1_30' title="bbox 266 2361 1643 2419; baseline 0.004 -19"><span class='ocrx_word' id='word_1_231' title='bbox 266 2361 340 2401; x_wconf 89' lang='lat' dir='ltr'>sed</span> <span class='ocrx_word' id='word_1_232' title='bbox 371 2361 578 2401; x_wconf 87' lang='lat' dir='ltr'>articulus</span> <span class='ocrx_word' id='word_1_233' title='bbox 609 2361 834 2402; x_wconf 82' lang='lat' dir='ltr'>addendus</span> <span class='ocrx_word' id='word_1_234' title='bbox 864 2369 954 2403; x_wconf 86' lang='lat' dir='ltr'>erat</span> <span class='ocrx_word' id='word_1_235' title='bbox 984 2363 1198 2403; x_wconf 86' lang='lat' dir='ltr'>vocabulo</span> <span class='ocrx_word' id='word_1_236' title='bbox 1229 2367 1401 2419; x_wconf 58' lang='grc' dir='ltr'>ὄμμασι,</span> <span class='ocrx_word' id='word_1_237' title='bbox 1433 2379 1513 2405; x_wconf 88' lang='lat' dir='ltr'>nee</span> <span class='ocrx_word' id='word_1_238' title='bbox 1544 2365 1643 2406; x_wconf 87' lang='lat' dir='ltr'>ferri</span> 
     </span>
     <span class='ocr_line' id='line_1_31' title="bbox 265 2436 1643 2492; baseline 0.002 -18"><span class='ocrx_word' id='word_1_239' title='bbox 265 2439 406 2488; x_wconf 88' lang='lat' dir='ltr'>potest</span> <span class='ocrx_word' id='word_1_240' title='bbox 434 2439 520 2473; x_wconf 92' lang='lat' dir='ltr'>tam</span> <span class='ocrx_word' id='word_1_241' title='bbox 549 2440 698 2489; x_wconf 83' lang='lat' dir='ltr'>argute</span> <span class='ocrx_word' id='word_1_242' title='bbox 723 2447 804 2474; x_wconf 89' lang='lat' dir='ltr'>nec</span> <span class='ocrx_word' id='word_1_243' title='bbox 832 2442 1035 2474; x_wconf 85' lang='lat' dir='ltr'>accurate</span> <span class='ocrx_word' id='word_1_244' title='bbox 1064 2436 1252 2485; x_wconf 84' lang='lat' dir='ltr'>dictum,</span> <span class='ocrx_word' id='word_1_245' title='bbox 1284 2436 1643 2492; x_wconf 84' lang='lat' dir='ltr'>quandoquidem</span> 
     </span>
     <span class='ocr_line' id='line_1_32' title="bbox 267 2504 1644 2562; baseline 0.003 -17"><span class='ocrx_word' id='word_1_246' title='bbox 267 2505 385 2545; x_wconf 86' lang='lat' dir='ltr'>oculi</span> <span class='ocrx_word' id='word_1_247' title='bbox 425 2504 643 2559; x_wconf 84' lang='lat' dir='ltr'>Polynicis</span> <span class='ocrx_word' id='word_1_248' title='bbox 683 2520 767 2545; x_wconf 86' lang='lat' dir='ltr'>non</span> <span class='ocrx_word' id='word_1_249' title='bbox 813 2513 908 2546; x_wconf 89' lang='lat' dir='ltr'>sunt</span> <span class='ocrx_word' id='word_1_250' title='bbox 950 2506 1079 2546; x_wconf 89' lang='lat' dir='ltr'>iidem</span> <span class='ocrx_word' id='word_1_251' title='bbox 1123 2521 1223 2548; x_wconf 88' lang='lat' dir='ltr'>cum</span> <span class='ocrx_word' id='word_1_252' title='bbox 1269 2508 1326 2547; x_wconf 89' lang='lat' dir='ltr'>eis</span> <span class='ocrx_word' id='word_1_253' title='bbox 1368 2522 1477 2562; x_wconf 90' lang='lat' dir='ltr'>quos</span> <span class='ocrx_word' id='word_1_254' title='bbox 1514 2508 1644 2550; x_wconf 85' lang='lat' dir='ltr'>habet</span> 
     </span>
     <span class='ocr_line' id='line_1_33' title="bbox 266 2575 1643 2640; baseline 0.005 -24"><span class='ocrx_word' id='word_1_255' title='bbox 266 2576 476 2616; x_wconf 88' lang='lat' dir='ltr'>Eteocles.</span> <span class='ocrx_word' id='word_1_256' title='bbox 511 2575 756 2632; x_wconf 85' lang='lat' dir='ltr'>Simplicius</span> <span class='ocrx_word' id='word_1_257' title='bbox 787 2584 900 2617; x_wconf 90' lang='lat' dir='ltr'>certe</span> <span class='ocrx_word' id='word_1_258' title='bbox 929 2578 1056 2618; x_wconf 88' lang='lat' dir='ltr'>scribi</span> <span class='ocrx_word' id='word_1_259' title='bbox 1083 2585 1273 2634; x_wconf 85' lang='lat' dir='ltr'>poterat:</span> <span class='ocrx_word' id='word_1_260' title='bbox 1308 2580 1356 2627; x_wconf 75' lang='grc' dir='ltr'>εἰς</span> <span class='ocrx_word' id='word_1_261' title='bbox 1388 2581 1466 2640; x_wconf 66' lang='grc' dir='ltr'>γὰρ</span> <span class='ocrx_word' id='word_1_262' title='bbox 1500 2582 1643 2638; x_wconf 76' lang='grc' dir='ltr'>ὄμματ’</span> 
     </span>
     <span class='ocr_line' id='line_1_34' title="bbox 271 2646 1636 2705; baseline 0.004 -17"><span class='ocrx_word' id='word_1_263' title='bbox 271 2650 416 2704; x_wconf 76' lang='grc' dir='ltr'>ὄμμασι</span> <span class='ocrx_word' id='word_1_264' title='bbox 451 2646 619 2702; x_wconf 71' lang='grc' dir='ltr'>βλέπων.</span> <span class='ocrx_word' id='word_1_265' title='bbox 676 2649 837 2701; x_wconf 82' lang='lat' dir='ltr'>Quidni</span> <span class='ocrx_word' id='word_1_266' title='bbox 874 2663 975 2691; x_wconf 85' lang='lat' dir='ltr'>vero</span> <span class='ocrx_word' id='word_1_267' title='bbox 1009 2657 1210 2705; x_wconf 88' lang='lat' dir='ltr'>putemus</span> <span class='ocrx_word' id='word_1_268' title='bbox 1244 2651 1420 2694; x_wconf 86' lang='lat' dir='ltr'>Poetam</span> <span class='ocrx_word' id='word_1_269' title='bbox 1450 2653 1636 2694; x_wconf 87' lang='lat' dir='ltr'>dedisse:</span> 
     </span>
    </p>
   </div>
   <div class='ocr_carea' id='block_1_3' title="bbox 272 2719 623 2780">
    <p class='ocr_par' dir='ltr' id='par_1_3' title="bbox 272 2719 623 2780">
     <span class='ocr_line' id='line_1_35' title="bbox 272 2719 623 2780; baseline 0 -20"><span class='ocrx_word' id='word_1_270' title='bbox 272 2720 319 2768; x_wconf 77' lang='grc' dir='ltr'>εἰς</span> <span class='ocrx_word' id='word_1_271' title='bbox 356 2720 434 2780; x_wconf 69' lang='grc' dir='ltr'>γὰρ</span> <span class='ocrx_word' id='word_1_272' title='bbox 460 2719 623 2762; x_wconf 70' lang='grc' dir='ltr'>τοῦτονῖ)</span> 
     </span>
    </p>
   </div>
  </div>
 </body>
</html>
