2020 3326
661 171 1228 218 COMMENTARIUS.
1560 168 1641 209 102.)

322 322 421 364 3253.
467 317 491 366 ἦ
530 315 702 364 ποθεινὸς
744 313 864 375 φίλοις
891 309 949 367 {Z
990 309 1161 359 ποθεινὸς
1204 306 1375 364 Θήβαις.
1441 309 1495 350 Ut
1534 308 1644 348 haec

268 394 528 436 doclimiaca
573 394 732 436 essent,
782 385 961 426 Bothius
1005 390 1046 424 et
1086 383 1355 423 Hermannus
1395 381 1647 421 coniectura

269 465 453 521 amplexi
485 468 582 503 sunt
615 461 796 501 formam
824 457 947 497 nimis
979 461 1195 496 recentem
1237 453 1407 501 ποθινός.
1452 453 1542 508 Ego
1577 466 1645 492 ar-

268 539 404 579 bitror
435 533 590 590 Θήβαις
620 546 706 572 esse
734 531 912 586 glossam
937 529 1026 567 eius
1053 526 1174 582 quod
1199 527 1408 581 scriptum
1435 524 1540 573 fuit,
1574 525 1645 566 πό-

269 610 344 652 λειε
391 621 481 663 quo
515 605 696 646 admisso
728 615 870 643 versus
907 599 1091 640 creticus
1122 604 1206 647 cst,
1257 603 1382 652 aptus
1411 596 1514 637 huic
1544 595 1647 637 affe-

270 681 373 723 ctui.
427 680 570 734 Ipsam
614 674 925 716 correctionem
970 670 1157 726 probare
1199 675 1369 724 oportet
1400 668 1644 718 Klotzium,

270 768 408 810 quum
434 750 563 792 verba
592 749 669 788 ista
700 745 867 802 egregie
893 744 936 784 in
958 741 1228 783 Alcibiadem
1254 741 1519 782 exsulantem
1542 753 1647 780 con-

274 825 418 868 venire
451 827 587 878 putet.

333 895 433 937 3⁶2ss.
497 889 726 952 ὃακρνόεσσ“
768 889 904 930 ἀνεῖσα
946 887 1118 946 πενθήρη
1160 886 1299 941 κόμαν.
1368 885 1489 937 Quae
1529 883 1653 924 metri

277 982 407 1011 causa
449 966 590 1006 factae
631 969 728 1003 sunt
770 960 1081 1007 correctiones,
1130 957 1175 997 in
1215 956 1277 996 his
1314 958 1496 997 maxime
1535 969 1655 996 com-

277 1039 506 1082 mendatur
537 1034 877 1077 Hermanniana:
919 1029 961 1072 ὃ.
988 1031 1032 1070 α.
1066 1030 1195 1072 πένθει
1228 1030 1366 1084 κόμαν.
1402 1027 1502 1068 Mihi
1534 1042 1656 1068 scru-

277 1113 431 1169 pulum
474 1114 614 1150 movet
656 1112 812 1146 natura
847 1102 1049 1144 vocabuli
1080 1103 1299 1160 πενθήρη-ς,
1333 1099 1454 1155 quod
1487 1099 1657 1140 doctius

281 1192 339 1225 est
372 1184 415 1223 in
445 1182 528 1221 hac
560 1177 768 1219 sententia
800 1188 932 1229 quam
962 1174 1114 1217 ἀπενθῆ
1146 1180 1186 1213 et
1217 1174 1375 1227 πένθει,
1418 1178 1458 1211 et
1485 1171 1657 1224 Euripi-

282 1256 370 1296 deis
399 1254 516 1313 mapa}
540 1251 731 1308 πενθήρης
755 1246 820 1287 vet
846 1246 1027 1301 πένθιμος
1055 1251 1332 1293 sustentatur,
1361 1250 1401 1283 et
1418 1242 1657 1297 Aeschyleo

281 1327 478 1382 πλόκαμον
521 1323 783 1379 πενθητήριον.
840 1318 1014 1357 Placeat
1056 1317 1231 1356 fortasse
1275 1315 1384 1356 haec
1428 1313 1660 1354 verborum

281 1396 575 1454 transpositio:
604 1394 773 1452 πενθήρη
804 1392 926 1446 κόμαν
963 1387 1193 1449 ἃακρυόεσσ’
1223 1387 1364 1429 ανεῖσ’;
1400 1387 1468 1427 vel
1494 1386 1566 1426 hic
1595 1399 1660 1426 se-

282 1472 448 1513 narius:
485 1470 619 1510 ανεῖσα
651 1466 899 1526 δακρυόεσσα
932 1463 1104 1522 πενθήρη
1135 1462 1273 1518 κόμαν.

341 1544 442 1586 337.
480 1543 675 1590 στενάζων
707 1538 808 1598 ἀρὰς
841 1537 993 1584 τέκνοις.
1037 1534 1234 1574 Klotzius
1264 1531 1663 1587 interpretationem

285 1617 410 1657 unius
440 1614 800 1657 Scholiastarum,
838 1609 938 1665 μετὰ
960 1611 1187 1664 στεναγμῶν
1219 1607 1410 1666 ἀρώμενος
1423 1639 1438 1659 ,
1472 1603 1660 1658 praefert

287 1687 433 1736 alteri,
464 1700 551 1742 qua
580 1684 772 1738 Oedipus
799 1681 959 1722 dicitur
988 1680 1215 1734 deplorare
1240 1691 1360 1718 suam
1381 1676 1569 1716 filiorum
1593 1674 1664 1714 de-

283 1760 526 1806 votionem,
554 1782 612 1786 -—
646 1769 744 1796 cum
777 1753 862 1793 hac
893 1752 1118 1793 cautione:
1164 1748 1325 1801 »Quod
1358 1754 1501 1788 autem
1532 1746 1664 1786 inter-

287 1837 427 1886 pretes
447 1830 491 1870 in
509 1843 559 1869 eo
577 1827 863 1874 haesitarunt‚
890 1823 1013 1879 quod
1029 1822 1220 1876 Oedipus
1244 1833 1455 1861 summum
1475 1818 1666 1858 filiorum

288 1916 462 1942 suorum
486 1899 744 1940 desiderium
778 1896 976 1937 habuisse
1001 1894 1161 1934 dicitur
1187 1899 1227 1932 et
1256 1898 1399 1932 tamen
1422 1889 1533 1929 male
1565 1901 1663 1942 pre-

294 1980 415 2014 catus
443 1985 555 2020 esse,
588 1970 694 2010 nihil
725 1974 804 2008 est:
835 1981 934 2007 nam
961 1965 1152 2019 Oedipus
1176 1977 1264 2004 non
1294 1961 1395 2002 fecit
1426 1960 1539 2000 diras
1567 1959 1666 1999 filiis

291 2045 370 2086 nisi
409 2048 645 2083 occoecata
677 2046 842 2088 mente,
886 2038 931 2077 id
962 2036 1084 2091 quod
1113 2036 1205 2090 ipso
1236 2034 1424 2074 filiorum
1455 2031 1665 2072 desiderio

292 2117 456 2157 factum
495 2127 581 2154 esse
611 2111 794 2167 potuit.'’
845 2109 980 2149 Erunt
1014 2108 1188 2148 fortasse
1229 2104 1388 2160 quibus
1427 2103 1536 2144 haec
1573 2117 1668 2158 per-

294 2185 560 2228 suadebunt:
602 2196 708 2238 ego,
749 2181 912 2229 fateor,
953 2179 1112 2234 scripta
1147 2177 1321 2217 nollem.
1366 2175 1459 2216 Hoc
1499 2180 1668 2216 tantum

294 2258 497 2299 obiiciam
525 2254 688 2309 optimo
718 2253 835 2299 viro,
864 2250 1059 2291 ordinem
1092 2247 1294 2302 temporis
1325 2248 1383 2287 sic
1413 2260 1455 2286 se
1484 2245 1664 2286 habere:

294 2336 527 2386 postquam
556 2325 747 2379 Oedipus
773 2336 814 2363 se
836 2323 925 2376 ipse
955 2325 1287 2368 occaecaverat,
1323 2318 1402 2358 filii
1425 2331 1522 2357 eum
1550 2317 1668 2357 domi

296 2402 571 2442 occluserunt
608 2402 648 2436 et
679 2395 978 2450 neglexerunt:
1026 2391 1140 2431 unde
1173 2397 1297 2446 pater
1337 2403 1408 2430 eos
1449 2388 1550 2428 diris
1592 2388 1669 2428 de-

294 2478 444 2520 vovet,
476 2471 614 2526 θηκτῷ
647 2466 794 2526 σιδήρῳ
827 2464 946 2522 δῶμα
978 2462 1180 2519 διαλαχεῖν
1213 2460 1302 2504 τόδε
1340 2459 1416 2515 (VS.
1441 2458 1534 2515 68).
1577 2459 1670 2500 Iam

297 2544 348 2584 fit
378 2541 501 2599 quod
530 2545 734 2595 precatus
764 2543 824 2577 est
854 2537 988 2576 Deos:
1030 2535 1108 2575 filii
1139 2532 1407 2574 contendunt
1443 2531 1497 2571 de
1531 2531 1669 2586 impe-

298 2617 386 2655 rio:
430 2612 592 2654 exsulat
624 2609 848 2665 Polynices
879 2613 919 2647 et
963 2620 1063 2647 cum
1100 2605 1252 2646 infesto
1290 2603 1480 2644 exercitu
1518 2602 1670 2643 urbem

299 2690 538 2742 oppugnat.
592 2682 708 2735 Quid
738 2681 869 2737 igitur
905 2692 1015 2734 opus
1055 2677 1133 2719 fuit
1175 2676 1344 2732 Oedipo
1381 2688 1492 2716 nova
1537 2673 1668 2715 devo·
