2020 3326
315 274 373 316 90
714 265 1277 310 COMMENTARIUS.

315 417 356 450 et
382 423 432 450 ex
448 406 770 448 Homericorum
792 403 863 459 (Il.
882 402 961 442 III.
985 399 1066 440 166
1087 398 1206 456 sqq.)
1233 398 1581 448 adumbratione,
1611 398 1679 439 de-

314 480 446 534 nique
478 492 499 517 e
527 475 664 518 verbis
694 474 822 521 senis,
856 487 916 513 vs.
950 471 1029 512 106
1057 485 1154 526 sqq.
1206 471 1305 510 Mihi
1337 477 1479 510 autem
1509 470 1679 510 videtur

312 552 357 591 in
385 547 614 589 Hermanni
654 545 919 585 correctione
958 542 1097 582 minus
1135 548 1340 582 accurate
1380 541 1593 596 Antigone
1623 540 1682 580 di-

315 634 434 661 cere:
469 619 523 666 τίς
555 613 660 665 οὗτος
681 640 738 646 —-
760 616 815 663 τίς
846 615 1075 670 ὀνομάζεται
1086 632 1103 668 ,-
1137 619 1277 653 custos
1294 612 1404 652 enim
1421 612 1479 652 ita
1507 625 1681 667 respon-

315 692 414 739 det,
458 696 504 730 ut
541 689 660 744 virgo
703 687 865 742 duplex
903 686 1113 741 rogavisse
1143 684 1320 724 debeat:
1364 686 1468 738 qais
1505 688 1597 731 est,
1639 687 1683 722 et

313 760 465 802 unde?
498 760 620 800 solita
651 759 860 807 formula,
902 757 956 797 de
987 771 1076 812 qua
1106 755 1191 797 vid.
1226 754 1380 798 Valck.
1413 754 1468 794 ad
1499 768 1559 795 vs.
1581 754 1679 795 175.

311 839 352 873 et
380 845 490 888 quos
523 837 646 871 testes
674 830 793 870 citat.
824 853 882 860 —
915 828 1008 868 Dixi
1033 840 1114 882 pro
1145 826 1352 881 vulgatis,
1392 839 1504 880 quae
1534 824 1678 880 potui:

313 905 464 946 vellem
503 916 603 943 sane
638 900 842 956 amplecti
871 912 994 955 posse
1026 897 1258 938 Hermanni
1288 897 1525 952 elegantem
1552 894 1684 950 suspi-

314 976 494 1016 cionem.
538 974 664 1013 Nunc
702 972 903 1027 quidem,
949 970 1053 1010 dum
1089 969 1240 1009 melius
1268 968 1389 1007 locus
1421 967 1679 1022 corrigatur,

315 1046 489 1088 credam
537 1045 655 1085 hunc
696 1056 933 1083 sermonem
972 1054 1058 1081 esse
1090 1039 1412 1096 trepidantium.
1469 1038 1685 1093 Paedago-

314 1132 392 1174 gus
418 1129 697 1172 responsurus
731 1121 840 1155 erat:
876 1113 1045 1170 λοχαγὸς
1078 1109 1337 1168 Ἱππομέδων;
1371 1110 1586 1165 Antigone
1614 1122 1680 1150 ve-

312 1203 362 1230 ro
392 1201 536 1229 morae
567 1186 792 1241 impatiens
820 1186 964 1234 iterat,
999 1186 1104 1240 quis
1132 1189 1199 1224 est
1225 1188 1268 1223 et
1296 1180 1449 1223 unde?
1482 1181 1555 1221 dic
1584 1185 1682 1221 tan-

316 1261 436 1309 dem,
481 1272 646 1299 senex:
689 1271 776 1312 quo
817 1259 998 1297 nomine
1042 1252 1348 1310 appellatur?
1390 1266 1489 1292 nam
1526 1252 1570 1292 in
1604 1251 1686 1292 hac

316 1331 472 1387 pulcra
505 1342 632 1369 scena
663 1329 848 1368 eminent
878 1327 1045 1382 virginis
1077 1325 1307 1380 trepidatio
1340 1330 1380 1364 et
1413 1323 1520 1363 senis
1548 1336 1687 1362 moro-

317 1402 428 1442 sitas.
454 1425 505 1430 —
528 1399 656 1451 Quod
683 1405 824 1438 autem
845 1412 904 1439 vs.
925 1397 1018 1437 123.
1053 1397 1220 1451 quaerit
1246 1395 1458 1450 Antigone
1488 1395 1543 1442 τίς
1566 1395 1685 1437 πόθεν

320 1474 442 1531 γεγώς
456 1506 472 1527 ,
515 1478 554 1511 et
583 1484 663 1526 pro
690 1470 753 1510 his
770 1468 1001 1509 Florentini
1031 1467 1126 1508 libri
1157 1466 1315 1506 habent
1348 1466 1450 1508 τίναν
1482 1466 1537 1513 τίς
1569 1467 1688 1508 πόθεν

320 1552 360 1585 et
401 1544 456 1592 τίς
498 1542 562 1584 καὶ
595 1543 741 1596 πόθεν,
785 1540 1052 1580 Hermannus
1094 1538 1280 1578 dubitari
1318 1550 1440 1592 posse
1470 1543 1594 1592 putat
1632 1551 1687 1576 an

319 1616 528 1670 scriptum
554 1614 678 1654 fucrit
706 1613 761 1660 τίς
794 1628 834 1653 τε
866 1610 930 1652 καὶ
963 1611 1097 1652 πόθεν.
1143 1609 1266 1664 Fugit
1292 1609 1537 1657 Klotzium,
1574 1607 1687 1647 hanc

322 1687 616 1727 coniecturam
663 1684 718 1724 ab
770 1683 1013 1723 Hermanno
1060 1680 1179 1720 haud
1225 1679 1355 1720 dubie
1406 1679 1544 1734 aptari
1588 1692 1688 1719 suae

322 1757 666 1813 transpositioni,
706 1755 751 1795 id
781 1760 865 1803 est,
908 1753 1091 1794 orationi
1124 1751 1350 1806 obliquae,
1388 1750 1584 1805 exemplo
1617 1750 1690 1789 So-

321 1829 489 1885 phoclis
520 1827 643 1867 Plzz'l.
672 1826 743 1866 56.
766 1824 866 1867 ’ὅταν
898 1825 931 1866 σ’
957 1824 1118 1884 ἐρωτᾷ,
1150 1823 1204 1871 τίς
1237 1839 1276 1864 τε
1309 1821 1373 1863 καὶ
1406 1822 1524 1864 πόθεν
1548 1824 1683 1882 πάρειε

322 1902 366 1940 in
395 1906 513 1940 recta
544 1898 897 1952 interrogatione,
929 1902 1139 1950 quantum
1171 1895 1281 1943 scio,
1317 1907 1482 1947 semper
1513 1893 1599 1932 sine
1623 1906 1691 1933 co-

323 1972 426 2027 pula
477 1970 713 2024 iunguntur
761 1969 815 2016 τίς
859 1968 998 2010 πόθενε
1054 1965 1246 2006 sciebant
1290 1964 1442 2005 Graeci
1489 1977 1566 2004 eur
1605 1970 1691 2004 tam

326 2042 455 2082 densa
487 2041 669 2082 formula
704 2046 938 2080 uterentur.

389 2113 465 2153 131
485 2127 548 2168 sq.
582 2113 638 2154 Π.
663 2110 765 2154 ro'wJ'
788 2107 1024 2167 ἐξαμείβοντ’
1049 2107 1122 2164 οὐχ
1143 2108 1237 2167 ὁρᾷς
1262 2107 1404 2168 Δίρκης
1428 2106 1533 2167 ὕδωρ

591 2183 759 2240 λοχαγόν
772 2202 787 2238 ,-
819 2182 883 2224 'A.
919 2181 1034 2228 ἄλλος
1056 2179 1170 2227 ἄλλος
1194 2177 1258 2220 ἅδε
1281 2180 1443 2236 τευχέων
1465 2180 1618 2239 τρόπος.

325 2255 522 2309 Plerique
563 2255 735 2295 codices
782 2255 982 2294 omittunt
1026 2251 1224 2308 λοχαγόν,
1267 2250 1494 2290 deficiente
1535 2247 1692 2302 sesqui-

327 2327 455 2381 pede.
502 2327 534 2367 E
565 2327 740 2381 reliquis
768 2325 884 2366 libris
914 2325 998 2365 hoc
1029 2323 1290 2365 vocabulum
1319 2326 1575 2375 receperunt
1605 2318 1693 2373 ple-

329 2397 452 2451 rique
489 2397 693 2446 editores,
737 2397 880 2437 nescio
918 2410 972 2435 an
1006 2408 1093 2434 non
1133 2394 1230 2434 satis
1260 2392 1518 2448 prudenter3
1558 2402 1695 2444 quum

331 2468 530 2507 omissum
571 2475 674 2508 esset
705 2468 749 2508 in
786 2467 1023 2522 archetypo
1051 2465 1282 2513 librorum,
1327 2463 1441 2502 unde
1471 2461 1610 2508 abest,
1652 2459 1697 2498 in

332 2539 505 2592 reliquis
546 2539 671 2579 facile
713 2539 1019 2593 interpolatum
1060 2542 1119 2576 est
1160 2534 1290 2590 quod,
1325 2538 1474 2588 sponte
1515 2529 1693 2585 quidem

333 2622 418 2649 sese
447 2609 674 2658 offerebat,
718 2609 792 2650 sed
822 2610 993 2649 minime
1019 2607 1303 2647 necessarium
1330 2610 1390 2644 est
1420 2603 1463 2642 in
1489 2615 1561 2641 ore
1589 2600 1694 2640 Pae-

336 2679 514 2734 dagogi,
553 2680 584 2718 si
615 2686 731 2720 recte
763 2694 890 2735 supra
921 2678 1123 2719 contendi
1150 2677 1260 2716 inter
1300 2673 1492 2714 conscios
1533 2672 1600 2726 agi
1640 2670 1693 2710 de

338 2749 521 2790 ducibus
550 2750 826 2805 Argivorum,
870 2763 957 2791 non
987 2749 1040 2789 de
1071 2748 1198 2803 vulgo
1228 2746 1423 2787 rnilitum.
1469 2743 1691 2783 Praeterea
