2020 3326
619 284 1180 327 ‹AJMMENTARIUs
1514 287 1590 329 197

210 433 327 467 metu
359 427 422 467 vel
454 437 646 464 moerore
670 423 878 479 proferret
913 421 1154 461 absolutum
1187 423 1382 477 τεὲνηκα,
1415 430 1585 479 praesto

211 505 345 547 esset,
390 497 543 545 credo,
588 494 718 536 illud:
763 493 879 535 δεινόν
921 492 957 549 γ’
989 494 1128 548 εἶπας,
1171 494 1202 535 εἰ
1242 494 1305 535 καὶ
1338 498 1407 551 ζῇς
1437 496 1584 537 θανών.

211 571 343 610 Porro
375 571 614 623 incongrua
645 573 742 606 sunt
773 567 816 610 ἢν
849 565 915 621 μὲν
946 567 1091 625 φζ-ῐοὶσω
1123 591 1177 595 -·
1210 567 1253 611 ἢν
1286 565 1323 607 δ’
1347 566 1585 627 ὑστερήσῃς,

210 656 298 683 non
325 640 527 681 adhibitis
556 638 894 694 pronominibus.
938 637 1132 692 Denique
1164 638 1228 692 (ut
1258 639 1387 679 semel*
1413 653 1586 680 causam

210 714 265 754 ab
298 713 469 768 linguae
496 710 661 766 legibus
690 716 730 749 et
760 710 923 749 ratione
954 709 1009 748 ad
1039 723 1203 749 sensum
1232 710 1474 765 traducam)
1506 712 1584 751 fie-

208 786 298 825 rine
329 783 471 840 potuit
505 788 551 822 ut
582 781 808 836 Euripides
837 794 1003 821 versum
1033 780 1250 821 elaborate
1281 782 1467 831 factum,
1498 797 1582 823 non

209 855 508 911 quotidianam
541 853 815 901 sententiam,
857 859 902 892 ut
934 852 1129 893 Klotzius
1161 854 1352 908 appellat
1386 868 1444 895 VS.
1475 854 1581 903 976,

209 942 297 969 non
336 932 547 982 repeteret
592 931 759 965 tantum
800 925 841 964 in
878 923 1026 964 eadem
1066 923 1214 964 fabula
1252 950 1308 954 —-
1345 926 1465 980 quod
1500 927 1583 966 iam

208 999 348 1054 inopis
378 1011 512 1039 venae
552 1002 657 1037 esset
691 1020 769 1043 —-—-,
815 995 886 1035 sed
923 995 980 1035 ita
1010 1002 1189 1050 poneret
1222 1002 1268 1035 ut
1300 997 1387 1036 illic
1420 995 1584 1057 ὑστερεῖν

209 1077 314 1112 esset
338 1069 468 1109 tarde
485 1068 678 1124 fugere,
707 1066 782 1107 hic
810 1066 940 1106 tarde
970 1067 1148 1106 auxilio
1176 1069 1358 1118 venz're;
1384 1068 1583 1109 verbum-

210 1156 296 1198 que
336 1142 548 1182 κατθανεῖν
588 1139 676 1179 illic
720 1139 762 1178 in
805 1153 913 1178 vera
955 1143 1095 1177 morie
1136 1137 1385 1187 adhiberet,
1429 1140 1499 1180 hic
1543 1142 1583 1180 in

209 1228 370 1269 magno
402 1217 518 1252 meta
550 1211 698 1251 alieni
721 1209 959 1264 periculi?
994 1208 1167 1248 Scilicet
1200 1209 1308 1250 haec
1339 1224 1425 1250 non
1454 1211 1581 1252 itera-

208 1286 267 1325 tio
300 1291 382 1333 est,
418 1283 493 1323 sed
522 1281 718 1337 pai-odia.

273 1355 397 1396 1299.
449 1354 545 1394 Non
586 1353 718 1394 credo
757 1351 970 1406 scripsisse
1014 1351 1263 1407 Euripidem
1306 1354 1426 1409 quod
1466 1369 1583 1396 nunc

208 1429 383 1484 legitur:
418 1428 571 1474 πότερος
602 1426 756 1483 πότερον
790 1421 1005 1478 αἱμάξει
1038 1423 1086 1465 δι’
1120 1423 1317 1480 ασπίὸων,
1351 1424 1401 1467 δι’
1432 1428 1582 1483 αἱμα-

209 1516 330 1555 των,
370 1499 469 1539 licet
511 1496 637 1555 αἷμα,
679 1501 828 1553 αἵματα
869 1508 1196 1551 nonnumquam
1228 1496 1342 1537 idem
1373 1499 1423 1539 sit
1463 1502 1581 1555 quod

208 1572 388 1620 caedes,
424 1571 608 1620 bellum,
642 1570 791 1625 itaque
823 1567 872 1609 δι’
905 1566 1112 1623 ἀσπίδων,
1146 1568 1194 1609 δι’
1227 1569 1405 1625 αἱμοὶτων
1438 1571 1583 1627 dupli-

209 1645 315 1685 citer
344 1643 509 1683 dictum
537 1641 735 1683 videatur
766 1654 845 1696 pro
878 1641 928 1680 in
954 1654 1127 1696 pugna.
1173 1641 1273 1682 Veri
1301 1648 1443 1682 tamen
1472 1644 1585 1683 simi-

207 1717 289 1756 lius
337 1721 444 1770 puto
487 1727 585 1753 eum
636 1713 856 1768 reliquisse
908 1711 957 1752 δι’
989 1712 1196 1768 ἀσπίδων,
1242 1711 1290 1754 δι’
1325 1712 1497 1770 ἐγχέων,
1541 1723 1585 1756 ut

205 1787 316 1827 infra
347 1784 470 1826 1330.
503 1788 717 1842 μονομάχῳ
749 1783 894 1841 μέλλειν
927 1782 1011 1844 δορὶ
1045 1785 1113 1833 Εἰς
1144 1783 1280 1827 ἀσπίδ’
1315 1784 1429 1835 ἡξειν.

266 1856 393 1898 1310.
436 1855 579 1913 σχεδὸν
606 1858 731 1914 τύχα,
763 1856 882 1904 πέλας
917 1857 1039 1915 φόνος.
1087 1857 1241 1912 Spreto
1281 1859 1416 1917 φόνος,
1448 1873 1579 1914 quam

209 1928 521 1969 correctionem
559 1928 765 1984 Scaligeri
796 1941 875 1983 pro
909 1930 1016 1986 φόνου
1060 1929 1188 1968 »satis
1218 1929 1362 1970 mirari
1392 1931 1578 1985 nequit''

206 1999 402 2039 Klotzius
436 2005 657 2054 receptam
689 2013 775 2039 esse
811 1999 865 2039 ab
898 1999 1135 2048 nonnullis,
1176 2000 1391 2040 reiicimur
1420 2001 1475 2040 ad
1506 2001 1581 2041 ab·

207 2070 358 2112 surdas
381 2070 753 2124 interpretationes
782 2069 1143 2118 Seholiastarum,
1176 2071 1241 2110 vel
1270 2071 1465 2127 cogimur
1492 2086 1582 2112 am-

209 2142 341 2198 plecti
381 2141 542 2180 Klotzii
583 2141 840 2182 versionem:
885 2154 1035 2196 paene
1060 2139 1266 2193 fortuna
1293 2156 1442 2196 prope
1481 2157 1579 2183 eae-

209 2214 306 2254 dem
337 2217 415 2252 est.
467 2211 606 2251 Paene
646 2211 817 2266 prope?
859 2212 989 2267 igitur
1025 2211 1222 2252 nondum
1250 2212 1425 2266 propes?
1466 2220 1505 2252 et
1538 2216 1579 2255 in

209 2284 345 2339 lyrico
376 2296 588 2331 sermone,
624 2283 745 2323 cuius
776 2283 953 2337 propria
982 2288 1042 2322 est
1070 2282 1239 2322 iteratio
1271 2283 1456 2324 eiusdem
1486 2285 1581 2326 hrc-

209 2357 271 2397 vis
300 2354 558 2402 sententiae,
591 2353 680 2393 aliis
706 2353 873 2395 verbis?
904 2368 1004 2394 nam
1033 2354 1137 2409 τύχα
1165 2360 1205 2393 et
1232 2355 1337 2412 φόνος
1367 2355 1471 2396 nihil
1499 2357 1581 2397 dif-

210 2428 375 2475 ferunt,
408 2439 487 2465 nec
519 2423 662 2481 σχεδόν
693 2431 734 2465 et
763 2424 899 2473 πέλας.

274 2497 397 2538 1311.
440 2499 558 2555 κρινεῖ
573 2500 668 2557 φοὶος
690 2497 732 2539 τὸ
756 2497 906 2554 μέλλον.
954 2497 1223 2537 Hermannus
1249 2511 1328 2552 pro
1357 2502 1451 2558 φάος
1479 2503 1580 2542 scri-

212 2571 298 2626 psit
336 2567 468 2628 ξίφος,
520 2570 642 2624 quod
682 2569 957 2624 probandum
1001 2575 1086 2616 est,
1137 2569 1168 2608 si
1214 2572 1582 2613 accommodatius

213 2639 321 2697 quid
351 2640 585 2696 excogitari
615 2640 779 2695 nequit.
827 2640 1022 2680 Klotzius
1052 2640 1188 2696 iungit
1220 2643 1312 2698 φοὶος
1346 2642 1387 2683 τὸ
1417 2643 1553 2699 με’λλον
1572 2681 1581 2697 ,

213 2710 602 2767 ratiocinandoque
633 2726 683 2752 eo
717 2712 910 2768 pervenit
938 2717 984 2751 ut
1011 2711 1053 2754 τὸ
1086 2711 1218 2767 μέλλον
1251 2716 1344 2771 φάος
1373 2729 1453 2769 pro
1488 2717 1584 2757 lure

211 2789 452 2840 praesente
482 2783 640 2824 habere
671 2790 871 2837 cogatur3
904 2783 1111 2839 putabam
1138 2784 1221 2824 lioc
1249 2799 1356 2826 esse:
1388 2786 1483 2828 dces
1507 2794 1588 2843 qm
