2020 3326
319 230 398 270 110
724 221 1285 263 COMMENTARIUS.

314 362 460 404 tione?
505 363 718 414 »Propter
749 356 1102 397 occaecationem
1130 356 1336 403 mentis‚”
1379 357 1521 411 inquit
1550 357 1675 398 Klot-

311 436 424 484 zius3
469 433 541 473 sed
572 429 812 471 desiderare
843 428 979 475 filios,
1014 427 1281 482 despondere
1312 427 1435 482 quod
1464 428 1679 483 ingentem

314 505 600 546 calamitatem
639 500 736 539 filiis
770 500 859 554 ipse
897 499 1122 547 intulerat,
1166 498 1354 553 denique
1397 512 1448 538 ex
1477 498 1679 554 despera-

312 578 426 617 tione
465 574 543 614 sibi
589 572 795 613 violentas
840 584 990 610 manus
1034 570 1186 609 inferre
1218 571 1350 619 velle,
1394 583 1450 610 an
1485 570 1570 610 hoc
1601 570 1680 610 fuit

312 644 549 687 dementis?
582 668 638 673 --
668 642 803 682 11111110
830 655 947 681 nunc
980 640 1172 697 Oedipus
1207 641 1319 682 diras
1347 656 1442 682 suas
1473 641 1681 682 abhorre-

309 718 398 758 bat.
471 715 556 755 Sed
613 714 808 768 queritur
858 713 1055 752 Klotzius
1116 712 1229 753 hanc
1286 713 1681 769 interpretationem

313 794 525 844 »propter
563 786 771 825 rationem
810 785 1134 840 grammaticam
1170 785 1382 841 intelligi’'
1422 798 1511 825 non
1540 798 1677 840 posse.

308 858 643 900 Desiderabatne
675 856 928 904 articulum,
965 870 1233 910 quamquam
1258 857 1301 896 in
1329 856 1533 911 Euripide
1563 855 1680 896 hunc

312 932 530 971 defectum
562 930 743 970 tolerare
774 927 1009 976 didicerat,
1043 933 1082 967 et
1108 927 1343 967 meminisse
1374 927 1560 968 debebat
1585 941 1680 969 ver-

310 1017 378 1043 sus
409 1001 478 1045 70.
525 1003 576 1059 μὴ
607 999 849 1059 τελεσφόρους
891 999 1013 1056 εὐχὰς
1045 998 1127 1041 θεοὶ
1160 999 1392 1059 κραίνωσινῖ)
1437 1013 1492 1040 an
1531 999 1682 1040 haere-

311 1074 386 1115 bat
410 1075 454 1115 in
481 1074 625 1115 dativo
656 1071 826 1120 Te'xvozg‘?
865 1071 1095 1111 credebam
1124 1072 1208 1113 vim
1237 1071 1353 1114 verbi
1384 1072 1595 1128 passivam
1626 1072 1685 1112 la-

312 1153 400 1186 tere
443 1146 488 1185 in
530 1144 794 1186 substantivo
835 1144 954 1203 αροές.
1017 1143 1069 1183 Ε1
1100 1149 1242 1183 tamen
1272 1149 1346 1184 aut
1377 1157 1464 1184 non
1493 1142 1686 1198 intelligo

310 1218 624 1265 Hermannum,
677 1222 750 1255 aut
793 1215 863 1256 hic
911 1215 954 1255 in
999 1214 1123 1254 simili
1167 1214 1422 1255 difficultate
1459 1213 1679 1262 adhaesit,

314 1287 524 1329 scribens:
568 1286 807 1326 »sententia
848 1300 936 1326 non
977 1287 1115 1326 minus
1151 1300 1284 1340 quam
1322 1292 1456 1326 metro
1488 1285 1682 1341 exigente

316 1360 465 1415 scripsi
497 1359 598 1418 ἀρὰς
628 1358 770 1418 ἀραιόις
801 1358 938 1406 τέκνοις
961 1382 1041 1397 —.
1066 1356 1228 1417 Ἀροιίοις
1261 1359 1393 1417 ἀράς,
1425 1358 1457 1397 si
1488 1371 1589 1398 sana
1622 1363 1683 1397 est

315 1432 553 1487 scriptura,
583 1430 688 1469 dixit
712 1429 949 1484 Aeschylus
981 1427 1026 1470 S.
1054 1429 1118 1469 ad
1142 1430 1214 1469 Th.
1245 1429 1371 1471 79l.”
1403 1429 1446 1469 Si
1471 1429 1683 1470 adiectivo

316 1516 425 1558 opus
457 1509 542 1551 cst,
585 1501 754 1549 ἀνοσίους
784 1514 990 1556 quoque,
1025 1500 1091 1541 vel
1123 1500 1262 1549 aliud,
1299 1500 1489 1555 suppleri
1519 1505 1681 1554 potest3

315 1588 463 1616 verum
489 1574 532 1613 in
556 1574 648 1629 ipso
674 1574 778 1633 ἀράς
810 1572 1061 1627 intelligitur
1088 1578 1294 1627 paternae
1323 1571 1558 1612 devotionis
1587 1584 1685 1625 per-

315 1646 469 1694 sectio,
513 1645 751 1685 secundum
793 1644 1042 1699 religionem
1079 1649 1283 1684 veterum.
1328 1643 1388 1683 De
1421 1641 1685 1683 vexatissimo

317 1723 461 1757 autem
491 1716 589 1756 loco
620 1715 819 1770 Aeschyli
847 1715 989 1755 dicam
1025 1714 1134 1770 quid
1161 1714 1265 1754 mihi
1292 1715 1393 1754 olim
1424 1715 1468 1754 in
1499 1720 1685 1754 mentem

314 1790 493 1829 venerit.
536 1788 586 1828 In
616 1787 936 1828 Wellaueriana
968 1787 1121 1842 legitur
1155 1788 1230 1841 (vs.
1258 1785 1343 1828 765
1367 1785 1508 1840 sqq.):
1536 1801 1684 1844 πατρο-

316 1861 415 1919 φόνῳ
446 1858 531 1920 χερὶ
562 1864 638 1902 τῶν
664 1857 670 1915 1
698 1859 984 1919 κρεισσοτέκνων
1014 1856 1051 1899 δ’
1084 1857 1153 1900 ἀπ’
1175 1858 1360 1915 ὀμμάτων
1391 1856 1623 1914 ἐπλάγχθη.
1654 1857 1660 1913 Ι

318 1933 452 1979 τέκνοις
483 1931 521 1973 δ’
554 1932 692 1990 αραιάς
719 1932 723 1987 }
752 1930 882 1990 ἐφῆκεν
914 1930 1105 1978 ἐπικότους
1148 1931 1287 1989 τροφὰς
1301 1964 1316 1984 ,
1344 1928 1350 1984 Ι
1377 1930 1416 1970 αἲ
1449 1930 1488 1970 oct
1501 1964 1518 1984 2
1554 1944 1685 1988 πικρο-

318 2005 515 2061 γλώσσους
536 2006 656 2065 ἀράς.
684 2003 827 2054 Quum
846 2009 987 2043 autem
1005 2002 1092 2042 duo
1110 2002 1302 2042 facinora
1320 2001 1473 2057 Oedipi
1498 2015 1685 2041 comme-

319 2083 539 2116 morentur
583 2074 871 2131 (δι’ὸ“νμα·κοι’κ’
907 2073 1124 2128 ἐτέλεσεν),
1168 2079 1349 2128 apparet
1382 2071 1418 2114 δ’
1452 2072 1520 2115 ἀπ’
1563 2078 1604 2112 01
1644 2073 1683 2114 δ’

320 2148 460 2207 ἀραιάς
488 2148 530 2188 in
554 2148 655 2188 vitio
681 2161 779 2187 esse.
825 2147 920 2186 Huc
949 2145 1208 2186 conferenda
1236 2151 1332 2184 sunt
1358 2158 1380 2184 e
1403 2144 1533 2184 docto
1560 2144 1686 2185 scho-

320 2220 376 2259 lio
409 2219 463 2259 ad
495 2219 629 2274 Soph.
667 2218 769 2259 Oed.
800 2216 846 2259 C.
879 2232 937 2258 vs.
970 2217 1092 2259 1377.
1123 2216 1176 2256 de
1203 2215 1358 2271 Oedipi
1390 2215 1490 2256 diris
1519 2229 1686 2256 earum-

322 2305 409 2345 que
440 2305 588 2332 causa:
630 2293 756 2333 ταῦτα
795 2290 814 2331 ὁ
855 2291 922 2335 τὴν
964 2289 1103 2348 μικρὰν
1133 2286 1326 2343 Θηβαΐδα
1358 2291 1516 2336 ποιήσας
1547 2288 1693 2348 ἱστορεῖ

321 2364 458 2411 οὔτωςε

442 2434 565 2490 ἰσχίον
594 2433 645 2482 ὡς
676 2431 801 2481 ἐνόησε
813 2468 830 2488 ,
872 2431 1002 2489 χαμαὶ
1035 2430 1156 2487 βοὶλεν
1170 2466 1186 2486 ,
1227 2430 1305 2473 εἶπέ
1335 2446 1376 2472 τε
1404 2431 1553 2486 μῦθον·

441 2509 535 2561 ᾤμοι
566 2504 641 2561 ἐγώ
653 2540 670 2560 ,
712 2502 848 2552 παῖδές
882 2521 941 2559 μοι
973 2503 1202 2551 ὁνειὸείοντες
1234 2502 1429 2558 ἔπεμψαν·

446 2571 552 2617 sihmo
584 2575 628 2617 δὲ
661 2575 708 2617 Δὶ
742 2574 901 2630 βασιλῆϊ
933 2575 997 2616 καί
1026 2575 1152 2623 ἄλλοις
1183 2575 1415 2615 ἀθανάτοισι

445 2645 574 2704 χερσὶν
605 2646 665 2689 ὑπ’
699 2647 873 2692 ἀλλήλων
903 2645 1170 2702 καταβήμεναι
1199 2643 1337 2692 ’Ἄϊδος
1369 2644 1472 2685 εἴσω.

327 2718 379 2760 τὰ
401 2716 444 2760 δὲ
475 2717 724 2776 παραπλήσια
745 2723 800 2775 τῷ
831 2717 990 2777 ἐποποιῷ
1021 2717 1084 2760 καὶ
1116 2716 1308 2773 Αἰσχύλος
1340 2714 1376 2757 ἐν
1407 2716 1483 2763 τοῖς
1509 2714 1607 2757 ἑπτὰ
1631 2712 1689 2757 ἐπὶ
