2020 3326
485 268 571 310 238
894 263 1445 306 COMMENTARIUS.

481 421 562 447 nus
587 404 737 445 edidit:
775 403 1000 461 τριπτύχους
1029 405 1168 460 νεκρῶν
1198 402 1304 457 γόους
1316 436 1332 456 ,
1364 401 1407 441 in
1434 416 1523 456 quo
1547 404 1652 458 γόους
1685 410 1744 444 est
1771 418 1837 445 ve-

484 486 619 517 terum
668 475 926 515 Editionum.
987 472 1239 514 credibilius
1288 473 1399 513 enim
1447 473 1645 514 censebat
1689 475 1836 534 Θρήνους

481 563 612 603 quam
657 548 761 604 γόους
806 546 1045 602 glossatoris
1087 546 1509 600 interpretamentum
1554 546 1690 586 fuisse.
1748 547 1836 602 Ego

482 626 631 660 contra
670 626 778 674 puto
820 624 1019 658 neutrum
1059 617 1190 657 altero
1228 617 1475 672 exquisitius
1517 631 1626 667 esse,
1675 624 1714 658 et
1753 620 1836 675 γόος

479 693 646 747 saepius
673 690 914 731 adhibuisse
940 689 1186 743 Euripidem
1210 703 1343 744 quam
1368 690 1509 749 Θρῆνος.
1557 689 1640 730 Sed
1670 690 1836 745 aliquid

479 763 720 820 optandum
753 763 877 803 fuisse
919 761 1113 802 concedo
1146 774 1196 800 ex
1235 761 1307 800 illa
1338 761 1541 801 varietate
1577 761 1834 810 lectionum,

478 850 557 876 nec
588 849 736 877 vereor
768 848 821 874 ne
856 833 1059 874 sententia
1096 833 1138 872 in
1174 832 1347 887 optione
1381 833 1658 888 periclitetur.
1705 834 1837 873 Porro

478 908 587 947 haec
630 912 938 947 commentatus
976 911 1035 944 est
1077 905 1138 945 vir
1172 903 1494 944 celeberrimus:
1543 905 1671 945 »Non
1703 905 1835 961 pauci

480 979 651 1019 codices
695 978 915 1039 τριπτύχων
957 978 1103 1036 Θρήνους
1145 981 1282 1036 νεκρῶν
1296 1011 1312 1031 ,
1355 976 1475 1031 quod
1516 976 1758 1016 Brunckius
1796 983 1836 1016 et

478 1052 690 1091 Porsonus
724 1056 1003 1105 receperunt,
1046 1063 1181 1104 quum
1219 1048 1531 1090 Valckenaerio
1561 1049 1839 1103 pronuntiare

480 1122 666 1163 libuisset
697 1136 783 1162 non
814 1136 966 1177 graece
996 1121 1103 1170 dici,
1142 1120 1263 1176 quod
1292 1120 1335 1160 in
1367 1120 1456 1160 aliis
1486 1120 1685 1160 undecim
1715 1120 1836 1160 codi-

480 1194 601 1235 cibus
625 1201 706 1243 est,
739 1194 969 1254 τριπτύχους
988 1194 1135 1253 Θρήνους
1154 1197 1308 1252 νεκρῶν.
1346 1192 1454 1232 Satis
1479 1192 1676 1232 refutavit
1703 1191 1832 1234 Vale-

480 1266 728 1306 kenaerium
773 1266 1000 1315 Matthiae,
1054 1266 1086 1305 si
1129 1279 1238 1320 opus
1289 1271 1377 1304 erat
1422 1264 1595 1303 refutari
1642 1263 1832 1313 dictum,

478 1337 601 1392 quod
633 1352 770 1392 quum
799 1337 991 1377 mirabile
1022 1337 1072 1376 sit
1104 1351 1128 1376 a
1161 1350 1385 1391 quoquam
1414 1335 1594 1390 proferri
1624 1336 1831 1390 potuisse,

480 1415 570 1448 tum
606 1409 739 1448 multo
783 1408 1016 1448 mirabilius
1055 1414 1113 1448 est
1151 1408 1366 1462 prolatum
1410 1420 1494 1446 esse
1536 1406 1589 1446 ab
1634 1420 1709 1455 e0‚
1758 1408 1834 1462 qui

480 1480 711 1535 Euripideo
741 1494 858 1520 more
887 1480 1114 1520 rectissime
1147 1479 1363 1539 τριπτύχων
1397 1478 1546 1538 Θρήνους
1577 1482 1716 1538 νεκρῶν
1746 1479 1834 1518 dici

478 1552 766 1592 narraverat.’'
815 1552 904 1607 Ego
938 1551 1016 1591 tria
1046 1551 1196 1591 miror:
1230 1551 1437 1606 primum,
1472 1550 1697 1590 excitatam
1728 1556 1834 1590 tem-

477 1630 682 1678 pestatem
717 1624 761 1663 in
799 1623 1003 1678 simpulo:
1047 1623 1223 1672 deinde,
1268 1623 1366 1662 satis
1401 1621 1671 1677 explicabilia
1708 1621 1837 1663 verba

477 1693 776 1736 Valckenaerii
815 1709 895 1735 nec
940 1694 1167 1735 Matthiaeo
1210 1708 1290 1734 nec
1333 1694 1575 1733 Hermanno
1618 1693 1833 1734 intellecta

477 1780 579 1806 esse.
625 1766 904 1821 Inspiciamus
934 1767 1030 1807 illa:
1077 1766 1213 1806 »mihi
1249 1766 1476 1824 τριπτύχους
1506 1765 1735 1821 genuinum
1770 1766 1829 1805 vi—

478 1838 616 1878 detur.
656 1839 855 1898 τρίπτυχοι
887 1839 1004 1898 Θρῆνοι
1035 1842 1173 1898 νεκρῶν
1200 1837 1303 1877 dicti
1327 1844 1448 1886 sunt,
1476 1843 1522 1876 ut
1547 1850 1675 1891 supra
1705 1836 1827 1877 1356.

477 1909 721 1967 λευκοπήχεις
754 1911 917 1959 κτύπους
950 1912 1090 1970 χεροῖν.
1131 1909 1275 1950 Orest.
1301 1909 1398 1951 379.
1430 1909 1473 1951 τὸ
1503 1908 1644 1950 πτανὸν
1676 1907 1832 1965 δίωγμα

477 1983 657 2026 πώλων.”
708 1984 824 2024 Haec
860 1983 1111 2023 Matthiaeus
1147 1982 1339 2038 κοσμίως,
1382 1988 1427 2021 ut
1457 1980 1641 2021 solebat:
1685 1995 1833 2022 verum

477 2056 630 2097 erravit
670 2055 733 2096 vir
773 2056 990 2111 egregius:
1032 2054 1185 2095 etenim
1220 2054 1265 2094 in
1295 2053 1358 2093 his
1386 2052 1586 2108 exemplis
1613 2054 1738 2113 χεῖρες
1767 2053 1833 2092 di-

477 2134 633 2167 cuntur
671 2129 824 2170 κτυπεῖν
836 2163 851 2183 ,
892 2141 979 2167 non
1013 2126 1261 2181 κτυπεῖο-Θοιι,
1305 2132 1345 2166 et
1379 2125 1498 2168 πῶλοι
1529 2123 1704 2180 διώκειν,
1745 2138 1832 2165 non

476 2199 693 2241 διώκεσθαι.
749 2199 791 2239 Si
823 2199 973 2239 dixeris
1009 2200 1210 2259 τρίπτυχοι
1241 2199 1360 2258 θρῆνοι
1389 2202 1528 2257 νεκρῶν
1540 2232 1557 2252 ,
1600 2198 1676 2237 erit
1712 2197 1835 2252 quasi

477 2278 550 2311 aut
579 2271 697 2312 dicas
727 2273 821 2311 tria
851 2271 1074 2311 cadavera
1108 2272 1373 2319 lamentari,
1410 2276 1481 2310 aut
1511 2268 1735 2309 nonnulla
1763 2283 1831 2308 ca-

476 2343 646 2383 davera
687 2343 741 2383 ab
786 2342 930 2383 tribus
976 2343 1226 2383 hominibus
1269 2342 1517 2397 deplorari.
1568 2340 1663 2380 Non
1704 2339 1832 2380 credo

479 2421 620 2454 autem
659 2414 907 2470 Euripidem
945 2429 984 2456 v.
1013 2429 1055 2470 g.
1092 2415 1136 2454 in
1178 2415 1312 2463 Ione,
1356 2413 1478 2454 1027.
1522 2425 1601 2467 pro
1646 2409 1832 2467 δίπτυχον

478 2485 600 2546 δῶρον
639 2487 727 2534 θεοῖς
770 2486 953 2526 scribere
995 2486 1181 2541 potuisse
1225 2484 1415 2542 ὃιπτύχου
1461 2483 1582 2544 δῶρον
1623 2484 1729 2532 θεᾶςε
1772 2483 1832 2522 sic

480 2559 590 2597 enim
633 2565 705 2598 aut
746 2558 877 2598 Deam
916 2558 1146 2598 donantem
1187 2558 1510 2613 duplicavisset,
1555 2562 1627 2596 aut
1668 2555 1834 2595 dixisset

480 2628 592 2668 idem
617 2630 755 2684 quod:
783 2629 886 2670 Dea
906 2629 1153 2685 'dupliciter
1178 2630 1362 2670 donata.
1393 2628 1607 2668 Latissime
1632 2627 1730 2667 licet
1752 2639 1831 2680 pa-

483 2701 609 2739 tuerit
640 2701 758 2755 apud
787 2702 960 2744 Veteres
987 2700 1221 2741 istiusmodi
1247 2700 1443 2741 dictionis
1467 2698 1658 2747 libertas,
1693 2703 1833 2736 tamen

482 2771 644 2811 ratione
672 2779 1022 2828 compescuerunt
1048 2772 1283 2820 licentiam,
1316 2770 1561 2826 praesertim
1587 2769 1630 2809 in
1660 2768 1707 2808 iis
1731 2766 1831 2807 sub·
1885 2806 1894 2815 μ
