2020 3326
327 232 408 274 108
721 229 1290 271 COMMENTARIUS.

321 382 373 409 ca
404 366 692 422 corruptelam
723 364 1003 405 contraxisse:
1042 364 1163 404 cuius
1193 364 1356 404 sanatio
1390 378 1440 405 eo
1474 365 1690 409 difficilior

321 446 381 479 est
421 438 542 494 quod
581 436 868 477 controversia
909 435 1049 490 agitur
1094 435 1147 475 de
1193 436 1491 477 constituendo
1533 445 1683 478 metro.

319 510 363 549 Si
402 510 554 551 veritas
593 508 699 547 inest
739 506 881 546 solerti
925 506 1080 546 rationi
1126 506 1492 557 Hermannianae‚
1535 515 1685 564 estque

318 580 401 620 hoc
441 593 613 619 carmen
645 577 1026 633 antistrophicum,
1073 583 1114 617 et
1147 578 1296 618 cretici
1335 580 1574 620 necessario
1607 579 1686 620 sibi

315 651 497 691 invicem
536 648 821 705 respondent,
866 647 1047 688 dubium
1096 662 1184 689 non
1234 656 1293 689 est
1334 650 1441 704 quin
1479 651 1684 691 exciderit

315 722 359 761 in
398 721 621 776 postremis
653 719 857 769 verbum,
903 719 1025 775 quod
1055 720 1323 761 Hei-mannus
1352 721 1410 762 sic
1442 723 1678 777 supplevit,

315 795 483 842 σκιάζων
526 791 644 852 δέραν
676 791 838 851 χρι’μπτ’
882 791 1001 848 ἐμάν;
1047 792 1123 847 qui
1157 792 1378 846 quomodo
1421 794 1685 849 expediverit

314 864 578 905 accusativos
616 867 763 924 ὄρεγμα
803 871 843 904 et
873 865 1127 923 κυανόχρωτα
1170 863 1393 921 πλόκαμόν,
1435 878 1522 904 non
1559 865 1680 905 dixit.

310 935 595 991 Intelligerem
626 936 757 976 verba
789 937 849 976 sic
877 936 1060 992 scripta:
1103 934 1302 995 παρηίδων
1333 936 1364 977 τ’
1398 939 1543 997 ὄρεγμα
1577 935 1624 991 βο
1651 935 1657 992 Ι

312 1008 492 1068 στρύχων
533 1024 572 1050 τε
604 1009 842 1068 κυανόχρωτι
873 1006 977 1064 χαιἸ
1006 1024 1106 1050 ταισι
1138 1008 1330 1066 πλόκάμῳ
1363 1012 1534 1059 σκιάζων
1566 1007 1682 1068 δέραν

312 1080 474 1139 χριμπτ’
499 1080 612 1136 ἐμάν.
646 1081 672 1120 i.
700 1095 735 1120 e.
770 1081 939 1140 χρίμπτε
970 1080 1172 1141 παρηίδων
1205 1084 1350 1140 ὄρεγμα
1391 1082 1563 1136 (faciem
1589 1095 1681 1121 ma·

312 1153 401 1207 tris)
436 1151 500 1193 καὶ
534 1151 648 1211 δέραν
672 1151 768 1209 ἐμάν
780 1187 797 1208 ,
829 1156 999 1203 σκιάζων
1026 1153 1201 1209 (ταύτην)
1239 1152 1430 1211 πλοκάμῳ
1452 1151 1680 1212 βοστρύχων

310 1226 550 1285 κνανόχρωτι
573 1225 762 1281 χαίταισι.
809 1225 1022 1276 Quoniam
1054 1232 1196 1265 autem
1219 1226 1423 1284 χρίμπτειν
1453 1238 1549 1264 raro
1578 1238 1678 1265 cum

311 1297 558 1338 accusativo
598 1298 881 1345 construitur,
922 1296 1095 1336 mallem
1126 1322 1183 1326 —
1212 1300 1382 1346 σκιάζων
1425 1295 1523 1351 λαβὲ
1564 1295 1680 1357 δέραν

310 1366 438 1424 ἐμάν,
470 1367 632 1408 scilicet
663 1367 865 1422 ὠλέναισι,
908 1374 954 1407 ut
983 1368 1151 1422 plenius
1177 1369 1220 1408 in
1251 1368 1390 1424 Ile'pp.
1423 1367 1547 1409 1432.
1581 1367 1680 1424 λαβὲ

310 1440 375 1482 σὸν
405 1439 514 1483 παῖδ’
549 1439 585 1481 ἐν
618 1440 846 1497 ἀγκάλαισι.

367 1511 465 1552 316.
508 1510 571 1552 καὶ
602 1511 714 1572 χερσὶ
746 1511 809 1552 καὶ
840 1511 995 1567 λόγοισι.
1030 1510 1352 1565 Antistrophica
1390 1510 1497 1551 ratio
1535 1511 1674 1566 coegit

310 1583 600 1623 Hermannum
643 1591 688 1624 ut
719 1584 920 1624 scriberet
957 1588 1038 1631 πῶς
1071 1588 1176 1625 ἅπαν
1203 1581 1208 1638 Ι
1235 1599 1284 1625 τα
1317 1581 1429 1643 χερσὶ
1461 1581 1524 1623 καὶ
1548 1584 1675 1642 κόραις

309 1653 430 1711 λόγοις
458 1653 463 1711 Ι
491 1671 531 1697 τε
560 1655 641 1697 κτὲ.
687 1655 895 1695 Nimirum
924 1655 1045 1695 multi
1076 1655 1204 1694 codd.
1234 1668 1313 1710 pro
1344 1654 1484 1711 λόγοισι
1514 1655 1675 1695 habent

308 1729 489 1783 κόμαισι,
531 1727 646 1767 unde
673 1727 933 1783 Musgravius
964 1726 1147 1766 coniecit
1178 1727 1346 1785 κόραισιε
1391 1733 1431 1766 et
1463 1727 1674 1766 Porsonus

308 1800 461 1855 κόμαισι
503 1813 553 1838 ex
584 1798 789 1839 Hecubae
822 1812 879 1838 vs.
911 1796 1012 1837 825.
1052 1804 1193 1837 ortum
1224 1797 1503 1838 existimabat.
1557 1798 1675 1837 Haec

307 1871 449 1911 omnia
489 1870 721 1911 vendibilia
762 1883 846 1909 esse
881 1870 977 1924 quis
1002 1869 1207 1924 negabit?
1248 1868 1433 1908 Affertur
1464 1875 1676 1923 opportu-

308 1956 361 1982 ne
392 1941 602 1990 Lucretii,
640 1942 714 1984 IV.
735 1940 857 1983 1070.
897 1955 976 1981 nec
1010 1946 1188 1981 constat
1212 1941 1326 1996 ‹Jm'd
1344 1943 1547 1996 primum
1575 1954 1677 1980 ocu-

309 2014 368 2054 lc's
404 2013 699 2069 manibusque
721 2012 984 2067 frustulum
1028 2012 1127 2052 addi
1163 2018 1362 2066 poterant
1393 2026 1443 2052 ex
1478 2012 1674 2052 Electrae

310 2084 578 2140 Sophocleae
596 2084 877 2133 exultatione,
909 2090 1004 2138 post
1036 2083 1227 2139 agnitum
1247 2082 1459 2131 Orestem,
1488 2082 1674 2122 nonnul-

308 2155 349 2195 la
389 2162 429 2195 et
469 2156 550 2196 alia
594 2156 787 2195 aliunde:
833 2155 1063 2209 adspectus
1094 2154 1206 2193 enim
1248 2154 1292 2193 in
1334 2160 1420 2193 tam
1462 2154 1675 2208 insperato

309 2227 467 2282 gaudio
522 2226 639 2267 haud
677 2227 876 2266 minimae
916 2232 1058 2282 partes
1115 2231 1224 2265 sunt.
1293 2224 1377 2264 Sed
1418 2224 1571 2264 mirum
1613 2231 1671 2264 est

309 2298 475 2338 nullum
530 2298 726 2339 codicem
769 2311 950 2338 servasse
991 2298 1148 2355 κόραις,
1193 2296 1290 2336 loco
1321 2295 1493 2335 absurdi
1524 2296 1674 2351 κόμαις.

309 2368 463 2423 Itaque
485 2383 622 2425 prope
645 2369 700 2409 ad
716 2369 1078 2409 Hermannianum
1109 2367 1263 2423 corrigi
1289 2373 1496 2422 praestat:
1528 2367 1570 2408 τί
1585 2371 1672 2425 φῶ,-

311 2441 353 2482 τί
378 2445 435 2499 φῶ
462 2440 468 2495 Ι
495 2456 565 2496 σε,·
598 2446 679 2489 πῶς
711 2440 858 2483 ἅπανθ’
888 2440 892 2496 Ι
920 2443 1061 2483 άπάσα
1085 2438 1195 2499 χερσί
1227 2438 1290 2480 καὶ
1314 2439 1414 2494 λόγοι
1441 2437 1447 2493 Ι
1474 2454 1510 2479 σι
1541 2437 1673 2480 πολυέ-

311 2510 435 2553 λικτον
465 2511 546 2554 κτὲ.
599 2512 626 2551 i.
668 2526 703 2552 e.
751 2513 972 2567 quomodo
1013 2525 1171 2566 corpus
1213 2518 1253 2551 et
1289 2511 1476 2550 animum
1514 2509 1672 2564 gaudio

312 2582 493 2636 explebo
525 2584 824 2624 attrectatione
855 2590 896 2624 et
929 2583 1134 2638 alloquio.
1169 2582 1257 2622 Nec
1283 2580 1576 2641 περιχορεύουσα
1608 2580 1674 2619 ni-

310 2653 388 2693 mis
417 2654 698 2707 premendum
729 2661 811 2695 est:
852 2655 1058 2696 audacter
1089 2653 1200 2693 enim
1230 2653 1393 2693 dictum
1425 2650 1592 2693 videtur
1622 2650 1675 2692 de

313 2723 401 2763 solo
432 2724 673 2779 complexu.
