2020 3326
595 251 1165 294 COMMENTARIUS.
1492 250 1567 290 191

200 393 345 434 neseio
390 391 613 447 quomodo
659 403 875 431 removere
922 389 1053 445 possit
1101 387 1279 429 Seidleri
1325 389 1575 436 inventum,

204 465 468 519 pronominis
510 463 573 520 ἐμέ
615 462 833 502 desectum
864 462 1011 502 sarciri
1055 461 1119 501 »si
1151 462 1268 520 φέρειν
1300 475 1407 502 voce
1438 461 1577 516 eriga-

206 537 316 576 tur.’'
361 536 483 576 Erexi
511 549 673 583 meam,
703 534 883 583 frustra3
916 547 1000 573 non
1035 533 1178 575 audivi
1206 547 1457 589 pronomen.
1494 532 1581 572 Ita-

204 622 290 662 que
333 608 413 663 legi
453 607 598 649 velim:
650 605 742 662 τάμ’
783 604 883 653 ἅδην
925 606 1023 665 φέρω
1054 608 1177 646 κακοί.
1235 606 1328 645 Hoc
1373 604 1581 655 sententia

207 679 395 734 flagitat,
449 685 494 718 ut
535 678 719 718 ostendit
760 691 903 718 versus
947 691 1152 732 sequens:
1196 678 1331 726 ἁπλαῖς
1375 675 1419 718 δὲ
1460 676 1582 724 λύπας

205 749 317 805 ἐξόν,
349 750 416 791 οὐκ
447 750 536 791 οἴσω
570 749 730 798 διπλοῖς.
759 774 816 779 —
841 749 960 789 Idem
989 749 1077 804 δεῖ,
1108 750 1333 789 molestum
1360 749 1402 789 in
1433 748 1584 788 eadem

203 822 396 871 Fabula,
431 820 554 862 1180.
590 827 710 862 muto
742 822 786 862 in
819 820 899 877 δή,
941 827 987 861 ut
1018 820 1246 876 Iphigenia
1278 820 1395 861 dicat
1426 819 1490 861 καὶ
1523 820 1583 879 φί-

207 894 281 937 λων
314 911 357 949 ’γε
391 893 441 939 δη
474 893 678 949 μάλιστα,
722 907 903 948 pergens
939 893 982 932 in
1017 892 1337 932 constructione
1368 892 1585 947 pendente

210 966 264 1007 ab
295 967 461 1023 σημανεῖ
487 979 751 1022 praegresso.
804 965 857 1005 Ut
886 978 1003 1004 nunc
1034 963 1162 1005 verba
1195 964 1581 1011 circumferuntur,

210 1039 454 1094 significant
485 1052 563 1092 per
593 1051 661 1086 se,
695 1042 737 1077 et
768 1038 962 1077 maxime
992 1037 1153 1076 amicis
1184 1050 1296 1091 opus
1329 1041 1420 1085 est,
1456 1041 1501 1075 et
1524 1035 1583 1075 sic

211 1111 350 1151 Thoas
385 1109 620 1163 intelligere
651 1108 802 1157 debet,
839 1123 975 1163 quum
1013 1107 1274 1162 intercipiat.
1316 1107 1409 1147 Hoc
1444 1113 1586 1147 autem

211 1182 434 1223 Comicum
470 1187 544 1220 est.

275 1253 400 1294 1245.
444 1255 586 1299 πάντες
616 1249 653 1292 δ’
675 1249 944 1310 ἐπερρόθησαν
965 1250 1130 1308 Ἀργεῖοι
1163 1248 1279 1291 τάδε.
1318 1249 1587 1290 Valckenac-

214 1326 318 1374 rius,
366 1332 412 1365 ut
453 1324 719 1383 ἐπερρόθησαν
759 1322 813 1361 de
854 1335 973 1361 more
1012 1321 1206 1361 absolute
1240 1322 1428 1376 positum
1459 1326 1585 1368 esset,

217 1395 315 1438 τάδε
346 1411 446 1437 eum
476 1395 671 1450 ἡγούμενοι
699 1393 859 1441 iunxit,
906 1406 996 1447 quo
1028 1392 1223 1432 indicato
1254 1405 1333 1447 per
1363 1391 1588 1445 interpun-

216 1470 424 1516 ctionem,
456 1473 715 1507 structuram
741 1463 971 1505 verborum
997 1463 1234 1519 impedivit.
1267 1463 1444 1503 Miratur
1463 1463 1589 1502 Klot-

219 1541 310 1580 zius
353 1539 567 1579 neminem
618 1536 983 1580 Valckenaerium
1037 1553 1052 1571 n
1071 1535 1115 1575 in
1169 1535 1280 1575 viam
1325 1533 1586 1574 reduxisse.”

215 1611 370 1666 Itaque
400 1608 756 1650 Valckenaerium
786 1608 831 1647 in
863 1608 975 1648 viam
1001 1606 1234 1656 reducens,
1270 1606 1360 1661 ipse
1385 1619 1473 1645 non
1503 1605 1590 1645 sine

215 1683 381 1737 duplici
434 1695 574 1736 eaque
625 1680 744 1736 gravi
789 1678 912 1735 pedis
956 1677 1188 1718 offensione
1234 1676 1419 1717 incedit:
1469 1675 1592 1715 finxit

216 1754 328 1794 enim
360 1753 538 1795 verbum
569 1751 848 1812 ἐπιρροθεῖσθαι
879 1750 1021 1792 activa
1052 1755 1291 1804 potestate,
1335 1754 1375 1788 et
1405 1761 1503 1787 usus
1532 1753 1592 1786 est

219 1825 485 1881 Thucydidis
524 1824 664 1865 verbis
699 1823 794 1878 (VI.
829 1822 916 1875 16.)
959 1823 1010 1864 τα
1042 1821 1124 1863 ἴδια
1156 1818 1436 1877 ἐπιβοώμενος,
1478 1831 1591 1873 quae

221 1898 395 1952 (invitus
422 1895 606 1951 affirmo)
638 1909 726 1936 non
756 1893 1046 1949 intelligebat,
1094 1893 1303 1948 deceptus
1334 1891 1509 1931 fortasse
1537 1889 1591 1929 ab

218 1968 375 2008 Lexico
402 1968 672 2008 Passoviano.
728 1967 772 2006 Si
798 1965 903 2005 nihil
938 1971 1193 2019 corruptum
1220 1969 1279 2003 est
1309 1963 1351 2002 in
1378 1960 1593 2016 Euripidis

220 2038 375 2086 verbis,
411 2037 593 2092 quibus,
620 2038 651 2077 si
680 2036 898 2084 laborent,
935 2049 1035 2076 sane
1063 2035 1198 2075 facilis
1225 2033 1439 2073 medicina
1464 2045 1590 2086 prae-

220 2116 284 2149 sto
315 2109 391 2157 sit,
433 2108 599 2163 aliquid
628 2107 800 2148 novavit
833 2107 963 2146 Poeta
995 2107 1038 2146 in
1078 2120 1157 2145 usu
1197 2104 1315 2146 verbi
1347 2103 1591 2163 ἐπιρροθεῖν,

223 2179 346 2235 quod
365 2179 541 2234 propria
569 2184 781 2234 potestate
808 2177 1004 2217 adhibuit
1027 2176 1265 2232 Sophocles
1291 2175 1410 2230 apud
1434 2174 1591 2214 Athen.

222 2267 268 2305 p.
293 2251 393 2292 277.
423 2250 466 2290 b.
507 2250 629 2290 ouius
671 2262 814 2290 versus
854 2248 1015 2304 optime
1054 2247 1415 2295 Valckenaerius,
1461 2259 1593 2300 quem

223 2321 530 2362 recentissimos
569 2320 690 2374 sequi
730 2325 1004 2373 oportuerat,
1045 2319 1105 2358 sic
1142 2317 1428 2373 interpunxit:
1471 2318 1593 2376 Χορός

224 2393 261 2434 δ’
283 2392 462 2435 ἀναύδων
504 2393 654 2449 ἰχθύων
686 2391 880 2450 ἐπερρόθει
921 2391 1117 2432 Σαίνονσιν
1148 2390 1327 2449 οὐραίοισι
1358 2390 1424 2434 την
1456 2405 1594 2437 κεκτη-

222 2467 352 2520 μένην;
384 2480 483 2505 nam
514 2465 621 2519 quin
647 2463 701 2503 ab
733 2462 951 2519 Sophocle
980 2462 1119 2517 pisces
1148 2461 1350 2501 dicantur
1376 2461 1593 2500 vibrami-

226 2537 305 2576 (ηις
337 2536 495 2577 caudis
527 2549 650 2575 mare
684 2536 820 2582 ciere,
863 2547 988 2573 nemo
1030 2539 1215 2573 attentus
1252 2533 1388 2572 lector
1419 2531 1593 2572 dubita-

226 2607 302 2647 bit.
340 2607 555 2661 Reliqua,
598 2619 712 2661 quae
744 2604 893 2644 afferre
923 2605 1106 2659 possim,
1148 2604 1332 2653 retineo,
1379 2603 1472 2662 πρὸς
1505 2620 1592 2659 σμι-

226 2679 313 2737 κρὸν
344 2678 448 2738 ὕδωρ
479 2679 613 2735 λέγων.
1213 2720 1216 2724 ,

292 2748 413 2791 1248.
467 2751 622 2805 Optavi
665 2750 933 2809 στρατηλάται
975 2762 1024 2788 ex
1058 2748 1214 2803 triplici
1248 2747 1450 2788 lectione:
1494 2761 1592 2788 nani
