2020 3326
420 246 505 289 240
820 247 1380 289 COMMENTARIUS.

482 383 603 424 1643.
642 383 680 425 ἐν
710 387 789 432 οἵοις
819 384 965 440 κείμεθ’
998 384 1147 433 ἀθλίοις
1179 388 1322 435 κακοῖς.
1358 386 1693 430 Valckenaerius
1723 390 1775 431 de

420 455 605 494 Barnesii
636 457 882 496 coniectura
912 457 1077 511 scripsit
1107 456 1256 499 ἅθλιοιε
1295 457 1407 498 idem
1436 459 1629 501 fecerunt
1668 464 1777 517 »qui

418 525 533 565 hunc
559 527 677 581 sequi
706 529 1076 577 consueverunt''‚
1112 535 1158 569 ut
1186 530 1242 569 ait
1265 530 1554 581 Hermrmnus,
1591 531 1774 582 addens,

415 596 562 644 αθλίοις
605 604 720 638 recte
766 598 986 639 defensum
1028 613 1114 640 esse
1163 600 1216 641 ab
1261 601 1491 642 Schaefero
1532 603 1588 643 ad
1629 602 1774 644 Orest.

416 668 515 708 352.
548 669 735 710 Minime:
768 670 876 711 11366
906 672 1017 711 enim
1045 672 1320 713 Schaeferus:
1355 691 1371 710 »
1393 673 1553 730 (ἑστίαν)
1588 675 1776 732 εἱλιχθεῖ-

416 756 488 781 σαν
529 741 677 789 ἀθλίοις
717 744 864 791 κακοῖς.
922 743 1078 784 Troacl.
1115 743 1213 785 504.
1265 745 1306 787 τὸ
1349 745 1512 789 λοίσθιον
1544 746 1587 789 δὲ
1617 749 1777 809 θριγκὸς

417 812 566 854 ἀθλίων
598 818 743 855 κακῶν.
794 815 883 855 Duo
920 814 963 854 hi
999 815 1083 856 loci
1113 817 1211 856 satis
1244 817 1499 868 tuebuntur,
1535 820 1655 875 quod
1685 821 1776 861 edi·

416 884 550 925 tiones
566 886 980 928 Valckenaerianam
1004 893 1267 943 antegressae
1290 889 1448 930 habent
1465 891 1634 931 Phoen.
1651 891 1772 932 1653.

414 957 563 1006 ἀθλίοις
596 959 745 1007 κακοῖς.
792 958 944 1008 VideS‚
981 958 1143 1014 ubique
1177 959 1289 1000 113116
1324 961 1558 1002 clausulam
1589 976 1674 1003 esse
1701 963 1775 1003 tri·

528 1029 581 1046 Ἠ

415 1036 551 1069 metrl.
628 1030 744 1071 Haec
774 1029 998 1086 diligenter
1034 1044 1133 1070 sane
1176 1039 1485 1073 commentatus
1524 1040 1583 1074 est
1615 1033 1775 1074 Sohae-

414 1101 542 1141 ferus.
593 1101 636 1141 Si
664 1102 893 1157 scripsisset
921 1102 1278 1153 Valckenaefius,
1316 1104 1482 1145 audiret
1524 1105 1777 1161 »phrasium

418 1174 657 1228 captator.'’
717 1174 823 1214 Nam
854 1174 960 1229 quid
992 1174 1131 1214 attulit
1163 1175 1440 1226 Schaeferus,
1479 1178 1556 1217 11131
1593 1178 1637 1218 111
1677 1178 1775 1233 qui-

415 1244 495 1284 bus
529 1246 733 1285 sententia
766 1246 932 1301 flagitat
970 1246 1117 1295 ἀθλίοις
1158 1253 1197 1286 61
1233 1247 1414 1290 αθλίωνῖ)
1459 1249 1527 1289 An
1566 1249 1631 1289 lex
1669 1250 1772 1298 fuit,

417 1323 462 1356 ut
499 1318 615 1358 κακόν
657 1324 697 1357 61
738 1317 872 1366 ἄθλιος
912 1319 1030 1358 iuxta
1070 1319 1209 1373 posita
1248 1333 1412 1375 semper
1453 1327 1587 1361 6336111
1627 1321 1778 1361 eodem

417 1402 569 1444 genere
607 1403 785 1429 numero
824 1395 864 1429 et
904 1389 1037 1429 casu?
1089 1389 1132 1429 Si
1172 1391 1305 1430 multo
1346 1392 1471 1446 plura
1511 1392 1554 1431 in
1589 1392 1776 1432 medium

415 1460 656 1515 protulisset
690 1460 965 1509 Schaeferus,
1011 1461 1056 1501 in
1095 1461 1252 1515 quibus
1286 1463 1451 1502 nullum
1491 1470 1593 1503 esset
1635 1477 1775 1503 exem-

417 1531 537 1586 plum
580 1532 706 1572 trium
742 1532 1054 1573 vocabulorum
1088 1537 1170 1581 οἵοις
1203 1533 1351 1583 αθλίοις
1386 1537 1544 1590 κακοῖς,
1584 1535 1777 1575 nondum

418 1602 672 1643 defendisset
702 1603 817 1644 hunc
849 1604 1207 1645 Phoenz'ssarum
1236 1606 1394 1646 locum.
1434 1606 1562 1658 Quod
1590 1606 1776 1649 Valcke-

416 1675 584 1714 naerius
615 1675 810 1731 scripsit,
851 1675 1026 1716 nitidius
1063 1682 1122 1716 est
1153 1683 1193 1716 et
1223 1678 1356 1733 magis
1393 1677 1691 1733 Euripideum,
1735 1685 1775 1718 et

418 1753 582 1787 constat
622 1747 772 1787 millies
805 1748 1050 1803 peccavisse
1080 1747 1299 1798 librarios,
1342 1756 1388 1790 ut
1421 1749 1630 1791 adiectiva
1660 1750 1777 1790 iuxta

419 1819 564 1873 positis
595 1815 864 1859 substantivis
895 1826 1105 1874 aptarent.

478 1888 602 1930 1648.
647 1890 688 1931 τί
716 1888 818 1933 τόνδ’
850 1888 1018 1951 ὑβρίζεις
1049 1891 1183 1952 πατέρ’
1214 1891 1457 1933 ἀποστέλλων
1488 1893 1628 1949 χθονός
1639 1911 1655 1948 ,-
1697 1893 1775 1933 Η16

415 1974 556 2001 versus
594 1976 697 2002 num
738 1963 947 2017 genuinus
977 1970 1081 2003 esset
1114 1963 1382 2005 addubitavit
1414 1964 1774 2006 Valckenaerius:

418 2033 538 2072 euius
569 2034 818 2088 suspicionis
852 2048 981 2075 causa
1010 2034 1118 2076 haec
1149 2042 1260 2084 erat,
1294 2035 1414 2091 quod
1442 2036 1547 2076 nihil
1579 2035 1635 2076 ad
1663 2035 1775 2076 113116

416 2104 654 2160 Antigonae
684 2107 975 2161 quaestionem
1007 2107 1234 2162 respondet
1265 2106 1415 2148 Creon.
1450 2107 1560 2148 Huic
1589 2108 1779 2149 occurrit

417 2175 699 2217 Firnhaberus
729 2177 773 2217 in
803 2178 931 2234 longa
962 2178 1274 2234 disputatione,
1312 2181 1382 2219 cui
1413 2179 1656 2234 diligentiae
1687 2180 1778 2219 laus

415 2247 622 2297 debetur,
668 2264 710 2304 p.
749 2249 831 2290 122
865 2264 960 2305 sqq.
1006 2251 1229 2306 multaque
1270 2264 1319 2290 ex
1363 2251 1566 2306 Euripide
1606 2251 1776 2307 collegit

413 2321 607 2376 exempla
632 2322 932 2376 quaestionum
965 2321 1020 2362 ad
1045 2337 1153 2377 quas
1185 2337 1272 2363 non
1298 2322 1619 2378 respondeatur.
1658 2323 1775 2363 Haec

411 2393 653 2447 singulatim
695 2394 916 2449 explorare
973 2384 1127 2434 nimiae
1184 2408 1340 2450 operae
1394 2395 1470 2444 311;
1525 2408 1774 2450 percurram

411 2464 692 2523 κεφαλαιωδῶς.
720 2465 959 2520 Praecipuo
980 2467 1078 2506 loco
1096 2467 1236 2521 posuit
1253 2467 1315 2507 vir
1338 2466 1602 2506 doctissimus
1618 2466 1769 2522 Iplcig.

412 2535 515 2576 Aul.
538 2535 637 2576 825.
673 2536 744 2576 ubi
770 2537 955 2578 Achilles
987 2537 1042 2578 ad
1060 2536 1461 2592 Clytaemnestram:
1499 2538 1553 2585 τίς
1585 2536 1622 2579 δ’
1643 2538 1701 2593 εἴ,
1734 2538 1776 2578 τί

412 2605 449 2646 δ’
471 2604 585 2655 ἦλθες
627 2606 834 2650 Δαναϊδῶν
877 2607 913 2657 ἐς
953 2608 1162 2666 σύλλογον,
1204 2612 1295 2667 γυνὴ
1328 2609 1416 2669 πρὸς
1447 2608 1592 2669 ἄνδρας
1623 2609 1771 2652 ἀσπίσιν

410 2680 713 2737 πεφραγμένους,·
757 2681 1007 2736 Respondet
1035 2681 1225 2737 Regina:
1269 2682 1412 2730 Λήδας
1445 2683 1510 2738 μέν
1542 2682 1612 2737 εἰμι
1645 2683 1736 2729 παῖς
1751 2716 1768 2736 ,

410 2749 731 2808 Κλυταιμνήστρα
764 2751 807 2793 δέ
839 2769 898 2807 μοι
930 2756 1072 2808 ὄνομα,
1118 2754 1221 2801 πόσις
1254 2753 1297 2795 δὲ
1329 2753 1483 2809 μούστὶν
1515 2753 1767 2811 Ἀγαμέμνων
