2020 3326
598 253 1159 297 COMMENTARIUS.
1497 258 1573 298 193

195 401 348 436 natura
389 393 593 435 ostendit:
640 395 746 449 quin
779 392 1032 434 Matthiaeus
1063 407 1113 434 eo
1149 395 1344 451 confugit
1375 401 1421 435 ut
1453 395 1573 436 dice-

192 473 255 506 ret
284 467 397 507 idem
426 466 511 506 fere
538 466 779 521 significare
808 467 965 524 ἐτ’μττυροι
996 466 1150 521 ἀκμαί,
1184 467 1306 522 quod
1332 471 1437 527 ἄκρα
1470 467 1573 524 λαμ-

199 541 295 586 πάς.
352 539 443 577 Meo
476 538 635 578 iudicio
670 537 821 577 liarum
853 538 1165 578 dissensionum
1200 540 1328 594 culpa
1365 546 1425 580 est
1456 540 1577 596 apud

199 609 406 649 librarios.
451 609 675 663 Euripides
707 609 842 657 enim,
877 615 922 649 ut
954 610 1160 659 conjicio,
1196 612 1425 667 scripserat
1453 611 1576 667 quod

194 681 320 721 facile
351 687 390 719 et
422 680 687 736 intelligibile
718 687 845 720 esset:
878 680 1045 740 ἐμπύρου
1078 681 1112 724 τ’
1135 683 1291 738 ἀκμῆς,
1325 697 1439 738 quae
1469 697 1575 738 poe-

192 752 276 792 tica
297 751 533 807 appellatio
560 758 619 791 est
639 752 858 806 flammae
886 755 1097 794 victimae
1113 754 1399 810 flagrantis,
1432 761 1477 794 ut
1501 757 1572 810 ἔμ-

194 839 308 882 πυρος
340 821 454 881 φλόξ,
489 822 589 862 ΙῙΘΖ.
621 821 719 864 746.
759 822 842 877 (Cf.
872 823 1007 879 Soph.
1036 823 1191 881 Antc'g.
1223 824 1322 866 989.
1358 824 1573 886 Ἥφαιστος

191 896 258 937 οὐκ
290 894 499 951 ἔλαμπεν);
528 908 628 934 nam
656 894 774 935 haud
802 895 899 935 satis
931 896 1129 936 videntur
1152 897 1378 938 attendisse
1405 899 1460 938 ad
1490 913 1570 940 na-

193 975 334 1008 turam
366 973 406 1006 et
438 967 524 1006 sere
562 972 829 1006 constantem
862 980 985 1007 usum
1018 967 1219 1009 adiectivi
1251 971 1414 1028 ἔμπυρος
1451 970 1572 1026 apud

193 1038 456 1094 Euripidem.
500 1038 550 1077 In
577 1038 759 1093 vulgatis
789 1045 959 1092 praeter
989 1053 1151 1079 morem
1181 1046 1220 1080 et
1249 1042 1472 1082 recondite
1507 1042 1574 1082 di-

192 1117 309 1151 ctum
334 1116 393 1149 est
410 1107 551 1168 ῥήξεις,
575 1115 621 1148 ut
639 1109 779 1149 statim
797 1109 962 1150 nescias
984 1111 1092 1165 quid
1112 1112 1357 1166 scindatur:
1390 1120 1575 1169 ortaque

192 1188 252 1222 est
284 1195 334 1221 ex
366 1181 448 1221 hae
482 1180 750 1221 dubitatione
783 1195 916 1236 prava
956 1182 1252 1237 interpretatio
1285 1183 1566 1225 Scholiastae.

193 1252 433 1308 Oportebat
464 1266 564 1292 sane
600 1251 848 1307 Euripidem
878 1253 1018 1307 primo
1062 1254 1281 1293 victimam
1317 1254 1573 1310 flagrantem

195 1336 551 1372 commemorare,
588 1329 676 1362 tum
712 1322 871 1376 quibus
905 1323 1043 1363 modis
1074 1338 1123 1363 ex
1155 1338 1203 1365 ea
1235 1325 1574 1368 vaticinari-entur

193 1395 455 1450 haruspices.
487 1395 617 1434 Erant
646 1393 688 1433 hi
717 1393 832 1433 modi
858 1393 969 1434 duo:
998 1394 1172 1435 flamma
1198 1396 1263 1436 vel
1290 1397 1575 1453 spargebatur

192 1467 258 1507 vel
299 1472 416 1506 recta
458 1464 680 1521 surgebat,
725 1478 913 1520 quorum
954 1472 1189 1521 utrumque
1226 1467 1413 1508 habebat
1446 1469 1572 1510 fausti

196 1537 260 1578 vel
292 1537 465 1577 infausti
492 1536 873 1592 significationem:
906 1537 1056 1592 itaque
1085 1537 1262 1597 ὑγρότητ’
1294 1538 1468 1582 ἐναντίων
1494 1556 1573 1598 ap-

191 1609 327 1664 posite
350 1607 534 1664 pertinet
553 1607 608 1647 ad
631 1605 776 1666 ῥήξεις,
800 1614 846 1647 ut
864 1607 1066 1649 flammae
1090 1611 1215 1651 variis
1236 1612 1372 1652 modis
1394 1626 1436 1652 se
1458 1614 1571 1655 scin-

192 1680 335 1721 dendo
377 1679 579 1720 dicantur
619 1679 778 1720 habere
817 1679 1049 1721 flexibilem
1089 1689 1290 1723 naturam
1331 1686 1571 1726 contrario-

193 1766 309 1800 rum,
344 1751 470 1791 fausti
503 1757 543 1791 et
572 1751 761 1791 infausti.
806 1751 902 1792 Non
930 1766 1193 1808 magnopere
1223 1754 1328 1795 iuvit
1359 1755 1571 1811 interpre-

194 1830 280 1872 tes,
310 1822 411 1862 inde
439 1837 462 1863 a
495 1822 834 1871 Valckenaerio‚
870 1824 1046 1864 collatio
1080 1824 1269 1865 Senecae
1307 1825 1464 1882 Oedz'p.
1487 1826 1574 1868 309

194 1908 258 1949 sq.
292 1900 332 1934 et
363 1894 444 1934 321
470 1907 534 1948 sq.
584 1899 624 1933 et
657 1893 779 1933 Statii
827 1894 950 1935 Theb.
981 1895 1032 1935 X.
1057 1895 1155 1936 593.
1209 1897 1259 1936 Hi
1287 1897 1475 1938 Romani
1506 1900 1570 1939 al-

191 1971 253 2005 ter
298 1965 432 2004 altero
478 1964 693 2020 copiosius
739 1971 780 2005 et
826 1979 925 2006 cum
974 1966 1135 2006 maiore
1186 1967 1415 2008 verborum
1464 1976 1570 2010 stre-

192 2036 287 2091 pitu
315 2035 402 2075 duo
440 2041 605 2075 tantum
634 2042 829 2090 ponunt:
869 2036 1045 2077 flamma
1075 2038 1141 2078 vel
1168 2038 1212 2077 in
1245 2039 1379 2079 altum
1409 2042 1565 2097 surgit,

192 2107 257 2148 vel
301 2105 489 2146 subsidet
527 2112 567 2146 et
609 2107 846 2162 spargitur:
889 2107 997 2147 illud
1040 2108 1226 2148 faustum
1255 2116 1339 2159 est,
1385 2110 1469 2152 hoc
1500 2113 1568 2154 in-

192 2178 400 2218 faustum:
446 2190 545 2216 nam
585 2177 706 2231 quod
741 2177 784 2217 in
829 2177 1022 2233 Oedipo,
1056 2179 1155 2219 321.
1204 2180 1349 2220 Manto
1385 2182 1567 2224 Tiresiae

191 2254 358 2297 narrat,
403 2247 594 2287 scidisse
634 2261 682 2287 se
715 2250 854 2288 unius
886 2251 1014 2288 sacri
1043 2249 1291 2291 discordem
1312 2251 1563 2306 favillam,

194 2325 361 2375 spectat
399 2318 588 2358 futuram
627 2318 815 2358 filiorum
854 2318 1011 2374 Oedipi
1054 2319 1330 2361 discordiam.
1381 2323 1565 2366 Omnino

191 2391 305 2430 hanc
336 2403 507 2430 scenam
537 2389 710 2429 liberius
740 2390 906 2431 ornavit
937 2389 1127 2439 Seneca,
1164 2391 1313 2447 ibique
1350 2394 1468 2435 aliud
1498 2396 1566 2437 di-

193 2461 420 2503 vinationis
451 2461 674 2501 consilium
706 2466 790 2509 est,
827 2474 960 2516 quam
989 2461 1033 2501 in
1064 2461 1352 2504 Phoenissis.

254 2531 365 2572 1269
394 2546 457 2587 sq.
512 2531 576 2572 καὶ
619 2529 755 2573 τᾶθλα
798 2530 903 2574 δεινὰ
947 2530 1105 2592 δάκρυσί
1147 2550 1201 2576 σοι
1244 2540 1438 2592 γενήσεται
1477 2540 1559 2582 κτὲ.

194 2604 265 2643 Sic
292 2603 402 2643 haec
427 2603 857 2659 interpungebantur.
900 2603 1117 2645 Dubitavit
1145 2606 1482 2651 Valckenaerius
1511 2612 1565 2652 de

193 2675 348 2714 horum
387 2688 583 2716 versuum
623 2681 823 2725 auctore,
867 2677 1215 2732 provocavitque
1254 2679 1485 2722 Hermanni
1525 2690 1566 2723 et

194 2745 443 2787 Firnhaberi
485 2746 761 2787 defensiones.
817 2747 954 2788 Unam
988 2747 1077 2789 eius
1109 2750 1428 2804 quaestionem,
1467 2769 1565 2809 gra-

1275 2820 1336 2867 <15
