2020 3326
604 249 1162 293 COMMENTARIUS.
1498 247 1577 288 173

203 387 398 428 naor-ium
432 396 685 438 sequemur,
732 394 865 435 quam
905 381 1059 419 mirum
1101 379 1340 433 asyndeton
1381 377 1580 418 admitte-

203 473 309 499 mus.
348 457 378 498 C
411 462 450 497 et
479 456 520 497 Θ
552 454 701 494 millies
732 451 912 491 confusa
942 456 1038 490 sunt
1071 449 1125 490 ab
1160 450 1355 490 librariis.

272 530 394 570 1112.
454 527 645 575 Νηίσταις
690 523 841 571 πύλαις.
903 522 1042 562 Scribi
1082 522 1253 571 debuit,
1310 521 1431 577 quod
1472 522 1582 562 vole-

208 603 330 649 bam,
377 601 596 653 Νηίτταις,
634 598 895 637 Boeotorum
928 593 1115 633 dialecto
1157 608 1236 648 pro
1277 594 1496 647 Νηίσταις,
1528 592 1581 632 de

209 688 298 729 qua
340 670 682 727 reduplicatione
720 667 866 706 literae
898 681 919 705 τ
958 664 1045 705 vid.
1086 665 1239 707 Valck.
1275 666 1330 706 ad
1363 681 1421 707 vs.
1456 664 1580 706 1671.

210 745 309 785 coll.
339 744 496 784 Hemst.
528 741 583 781 ad
612 739 790 780 Lucian.
821 738 853 777 I.
883 753 927 793 p.
951 736 1009 777 90
1034 750 1099 791 sq.
1140 737 1190 777 In
1218 738 1462 779 nominibus
1491 736 1584 792 qui-

210 817 307 856 dem
337 814 524 870 propriis
554 814 748 853 locorum
792 816 911 849 extra
940 808 1128 848 Atticam
1157 823 1244 849 non
1275 810 1450 850 credam
1487 810 1584 848 Tra-

211 889 329 944 gicos
369 885 447 926 sibi
489 884 681 925 sumsisse
721 888 792 930 ut,
836 880 959 935 quasi
996 880 1326 935 interpretantes
1356 895 1506 922 eorum
1538 880 1587 920 si-

213 958 559 1016 gnificationem,
609 960 681 994 aut
726 966 878 993 sonum
917 952 1161 1001 flectentes,
1206 952 1348 993 Attice
1387 953 1585 993 efferrent

214 1038 288 1071 aut
320 1029 566 1070 scriberent.
617 1026 840 1066 Praeterea
874 1024 917 1063 in
948 1023 1162 1078 Euripidis
1193 1024 1416 1065 codicibus
1450 1039 1587 1080 quum

215 1104 266 1142 sit
301 1101 476 1155 Νηίται,
507 1098 595 1140 veri
627 1096 801 1137 similius
831 1102 892 1135 est
928 1110 949 1135 τ
991 1094 1196 1135 excidisse
1227 1110 1359 1150 quam
1391 1113 1431 1145 ς;
1466 1095 1589 1151 quod

216 1174 499 1215 confirmatur
529 1169 669 1211 solerti
700 1166 994 1208 observatione
1024 1165 1280 1215 Hei-manni,
1315 1168 1359 1207 in
1388 1166 1588 1222 Hesychii

218 1245 394 1292 codice,
429 1241 669 1283 secundum
700 1239 918 1278 literarum
943 1236 1161 1282 ordinem,
1196 1251 1285 1278 non
1313 1238 1438 1278 fuisse
1468 1238 1590 1293 quod

220 1316 543 1362 circumfertur,
593 1312 712 1360 νηΐσι“
759 1313 843 1357 ταῖς
873 1308 1035 1363 πύλαις,
1077 1308 1151 1348 sed
1186 1309 1280 1357 νηΐι·
1318 1313 1403 1358 ταῖς
1435 1310 1586 1358 πύλαις.

219 1390 313 1430 Hoc
340 1393 483 1428 autem
511 1398 561 1425 eo
594 1383 714 1424 ducit
745 1388 791 1422 ut
823 1381 1076 1436 colligamus
1101 1380 1145 1420 in
1176 1387 1343 1421 vetusto
1371 1381 1482 1422 libro
1514 1382 1594 1422 Eu-

220 1460 368 1516 ripidis
404 1458 530 1498 fuisse
569 1456 760 1503 Νηΐτταις
790 1453 939 1501 πύλαις.
988 1451 1054 1493 Cf.
1095 1465 1227 1507 porro
1254 1453 1478 1509 praeclara
1514 1453 1593 1493 dis-

218 1531 388 1588 putatio
416 1528 571 1585 Ungeri
606 1527 659 1567 de
694 1526 768 1566 illo
795 1532 947 1581 portae
974 1523 1205 1564 Thebanae
1230 1525 1425 1574 nomine,
1465 1524 1590 1565 Theb.

223 1602 400 1645 I’arad.
433 1601 465 1641 I.
496 1616 540 1655 p.
570 1598 656 1640 310
685 1612 786 1654 sqq.

286 1670 583 1715 1122—1126.
647 1670 801 1711 Narrat
846 1668 1032 1709 nuncius
1079 1667 1473 1724 Hippomedontem
1516 1667 1594 1707 ha-

223 1748 361 1788 buisse
773 1743 924 1797 σημεῖον
955 1739 992 1782 ἐν
1023 1744 1129 1798 με’σῳ
1160 1743 1271 1782 σάκει

370 1819 534 1865 στικτοῖς
565 1816 774 1862 Πανόπτην
806 1817 973 1871 ὄμμασιν
1005 1812 1249 1873 δεδορκότα,

372 1891 423 1932 τὰ
455 1890 521 1946 μὲν
553 1887 621 1938 ξὺν
654 1891 807 1947 ἄστρων
839 1885 1069 1929 ἐπιτολαῖσιν
1101 1889 1260 1942 ὄμματα

373 1960 566 2016 βλέποντα
579 1997 595 2016 ,
628 1961 678 2002 τα
712 1959 756 2002 δὲ
787 1959 1003 2018 κρύπτοντα
1038 1957 1223 2000 δυνόντων
1253 1960 1350 2014 μέτα
1363 1992 1379 2012 ,

346 2076 349 2083 ,
374 2034 425 2082 ὡς
458 2036 610 2093 ὕστερον
641 2034 823 2079 θανόντος
853 2032 996 2090 εἶςοροῖν
1027 2037 1168 2090 παρῆν.

228 2107 496 2147 Hermannus
533 2111 674 2145 censet
711 2117 799 2143 non
833 2109 1002 2143 strenue
1031 2103 1176 2143 officio
1207 2116 1283 2143 suo
1316 2101 1436 2157 fungi
1466 2102 1597 2141 inter-

230 2185 371 2234 pretes
412 2177 487 2232 qui
527 2175 725 2216 dubitent
763 2188 817 2214 an
847 2174 1057 2230 genuinus
1085 2174 1135 2214 sit
1165 2188 1223 2214 vs.
1255 2172 1388 2221 1126,
1422 2186 1503 2213 nec
1535 2172 1598 2213 vi-

233 2250 362 2290 deant
401 2248 544 2303 potius
589 2246 820 2287 desiderari
859 2259 1049 2294 versum,
1096 2259 1227 2299 quem
1267 2245 1359 2299 ipse
1399 2250 1496 2299 post
1539 2257 1597 2285 vs.

236 2320 349 2360 1123
370 2318 616 2359 huiusmodi
640 2318 766 2357 fuisse
793 2317 1057 2371 suspicatur:
1091 2321 1158 2364 τῆς
1178 2316 1335 2372 Ἰνάχου
1357 2316 1432 2357 κύν’
1455 2315 1600 2375 ’Ἄργον

236 2393 413 2453 Ἀργείας
446 2389 556 2445 βοόςε
599 2403 733 2429 »nam
758 2388 867 2443 quid
892 2395 952 2427 est
983 2387 1159 2443 (inquit)
1189 2389 1311 2443 quod
1337 2387 1476 2443 Argus
1504 2388 1601 2428 sim-

236 2466 407 2522 pliciter
437 2464 629 2510 πανόπτης
662 2466 865 2509 vocatur,
900 2473 1030 2514 quem
1061 2459 1290 2514 oportebat
1323 2473 1399 2500 suo
1430 2460 1601 2500 nomine

234 2537 411 2579 vocari?
452 2536 603 2575 Nullus
634 2533 679 2573 id
711 2533 817 2572 alius
852 2532 1036 2586 scriptor
1068 2532 1212 2572 fecit.’'
1252 2556 1309 2561 --
1344 2531 1439 2571 Non
1470 2531 1601 2571 credo

238 2607 562 2664 »oportiiisse:’'
604 2619 684 2646 nec
721 2603 1006 2645 necessarium
1044 2603 1168 2643 fuisse
1200 2604 1244 2644 in
1275 2602 1421 2643 fabula
1453 2604 1601 2658 cogni-

238 2689 304 2729 ta,
357 2678 604 2735 pracsertim
645 2676 858 2717 adiunctis
897 2674 1033 2715 verbis
1072 2677 1236 2724 στικτοῖς
1268 2679 1459 2732 ὄμμασιν,
1504 2675 1602 2715 reli-

236 2753 422 2808 quisque
452 2764 566 2806 quac
594 2755 689 2806 post
714 2762 771 2790 vs.
807 2746 915 2789 1123
943 2753 1206 2802 sequuntur:
1239 2746 1396 2803 quibus
1429 2753 1603 2788 cautum
