2020 3326
670 244 1226 287 COMMENTARIUS.
1552 251 1636 291 229

269 386 474 441 quoniam
508 384 659 440 ingrati
694 384 858 424 sunt¹hi
887 385 1103 439 anapaesti
1132 385 1175 425 in
1203 385 1329 442 longa
1361 387 1464 427 serie
1489 387 1635 443 dacty-

272 458 424 498 lorum.
465 456 756 509 Quamobrem
787 457 846 496 sic
880 456 1069 511 suppleri
1100 458 1285 511 potuisse
1315 458 1469 499 credo:

474 528 561 570 ἀλλ’
595 527 761 570 ὀδύναισι
794 527 915 584 λέγω·
961 527 1024 576 σὸς
1056 527 1209 571 &Mor-

475 618 526 661 ωρ
557 600 694 661 ξίφεσιν
726 600 808 661 περὶ
844 601 984 657 τείχεσι
1015 599 1178 661 βρίθων.

269 674 453 734 ἀλάστωρ
494 675 604 714 enim
638 688 725 714 non
758 681 923 713 tantum
953 674 1164 729 singulare
1201 682 1415 716 certamen
1447 676 1633 716 filiorum

269 746 423 802 Oedipi
455 747 650 802 respicit,
681 746 753 786 scd
785 747 977 786 universe
1006 746 1188 796 bellum,
1223 748 1343 802 quod
1374 761 1521 788 eorum
1553 748 1630 788 dis-

267 818 414 859 cordia
460 825 624 858 motum
657 825 830 858 mutuae
873 819 1014 858 caedis
1051 819 1283 859 eorundem
1316 834 1443 860 causa
1477 821 1626 861 suci-at.

268 890 353 930 Nisi
380 890 463 930 hoc
495 897 620 939 esset,
655 890 831 930 adderet
859 889 1093 945 Antigone:
1126 890 1212 951 πυρὶ
1235 890 1298 932 καὶ
1321 892 1534 948 σχετλίαισι
1556 896 1631 949 μα’-

267 979 369 1018 χαις.
415 962 633 1018 Strophici
664 976 806 1003 versus
838 962 897 1002 sic
928 963 1066 1018 aptari
1097 971 1296 1018 possunt,
1336 965 1438 1005 1551
1467 979 1530 1020 sq.

474 1031 505 1076 ὦ
536 1037 661 1094 πάτερ
675 1070 690 1090 ,
722 1034 843 1076 οὐκέτι
875 1051 932 1075 σοι
965 1035 1076 1077 τέκνα
1108 1035 1216 1077 λεύσ-

471 1123 526 1149 σει
547 1111 665 1167 φάος,
696 1106 779 1149 οὐδ’
804 1107 978 1164 ἄλοχος,
1011 1107 1304 1169 παραβάκτροις
1336 1109 1416 1151 κτὲ.

331 1180 454 1220 1564.
498 1182 538 1222 τί
565 1180 664 1222 τάδε
697 1183 954 1228 καταστένεις.
999 1180 1177 1235 Nequeo
1214 1182 1333 1221 silere
1371 1196 1468 1222 cum
1499 1182 1628 1222 Inter-

264 1252 455 1307 pretibus
481 1253 534 1292 de
557 1253 619 1292 his
646 1252 800 1301 verbis,
832 1253 876 1292 in
903 1252 1061 1307 quibus
1088 1267 1225 1308 quum
1252 1252 1474 1293 haererent
1499 1254 1630 1293 Scho-

262 1325 435 1373 hastae,
489 1324 695 1364 absurdas
738 1324 1044 1380 explicationes
1091 1330 1383 1373 tentaverunt,
1430 1331 1476 1365 ut
1512 1325 1629 1366 dicat

260 1397 494 1451 Antigone:
536 1413 551 1432 »
570 1409 648 1436 cur
680 1395 763 1436 hoc
794 1396 943 1451 luges?
972 1410 1071 1436 nam
1104 1397 1314 1437 incertum
1346 1403 1404 1436 est
1432 1397 1538 1452 quid
1567 1398 1627 1437 lu-

260 1482 385 1524 geas,
420 1458 535 1507 tuam
569 1468 841 1516 caecitatem,
878 1482 932 1508 an
962 1468 1279 1509 matrimonium
1307 1469 1538 1518 incestum,
1575 1483 1629 1510 an

259 1538 439 1580 filios?'’
489 1540 611 1595 quasi
646 1540 754 1580 illud
796 1540 884 1582 αἰαῖ
915 1540 1067 1596 Oedipi
1099 1555 1186 1581 non
1216 1541 1414 1596 respiciat
1441 1541 1629 1582 filiorum

257 1618 463 1661 mortem,
494 1626 626 1666 quam
654 1612 866 1668 Antigone
899 1613 1261 1654 commemoravit.
1304 1613 1418 1665 Quin
1445 1612 1626 1655 Valcke-

260 1684 426 1723 naerius
464 1684 676 1740 corrigere
716 1684 859 1725 locum
892 1685 1025 1725 voluit
1059 1684 1178 1725 haud
1209 1685 1322 1724 felici
1360 1684 1621 1726 coniectura.

258 1755 369 1796 Dicit
394 1755 626 1811 Antigone:
659 1769 737 1796 cur
764 1756 871 1797 haec
900 1757 1040 1812 luges,
1076 1770 1190 1812 quae
1221 1755 1517 1796 tantummodo
1549 1772 1625 1797 αιι-

257 1827 400 1868 ῑίι”.5·ῗ2”
446 1827 576 1876 Turn,
612 1828 832 1868 interiecta
874 1828 927 1869 ab
959 1828 1127 1884 Oedipo
1157 1827 1464 1868 exclamatione
1498 1824 1529 1869 ὦ
1560 1832 1621 1869 τέ-

256 1917 356 1955 κνα,
388 1901 528 1956 pergit
560 1900 674 1941 filia:
722 1902 889 1940 »multo
919 1900 1052 1956 magis
1079 1901 1266 1956 lugeres,
1309 1900 1339 1939 si
1373 1900 1508 1940 oculis
1542 1902 1624 1941 tuis

258 1973 338 2012 tria
369 1972 581 2012 cadavera
612 1972 846 2027 adspicere
874 1973 1059 2026 posses.''

321 2042 443 2085 1578.
478 2046 734 2102 μαρναμένους
756 2043 816 2085 ἐπὶ
840 2045 1080 2102 τραύμασιν,
1114 2047 1273 2101 αἵματος
1302 2042 1383 2085 κτὲ.
1418 2043 1479 2083 De
1502 2044 1622 2084 seho-

261 2115 317 2155 lio
347 2115 597 2171 Augustano
626 2116 709 2155 iam
742 2115 904 2155 dixerat
936 2116 1291 2164 Valckenaerius,
1322 2115 1528 2155 diversam
1555 2130 1621 2156 ex-

259 2186 406 2226 hibere
433 2200 455 2226 a
485 2187 657 2242 vulgata
689 2187 929 2227 lectionem.
966 2187 1035 2227 Est
1065 2193 1206 2226 autem
1228 2186 1334 2226 hoc:
1370 2185 1539 2243 Αἵματος
1562 2189 1622 2229 τύ-

260 2273 359 2315 χην·
403 2257 487 2300 αντὶ
528 2262 591 2300 τοῦ
623 2263 783 2315 αἵματος
815 2262 1108 2317 τυγχάνοντας,
1140 2257 1204 2300 καὶ
1235 2258 1284 2307 εἷς
1317 2262 1425 2301 τοῦτο
1460 2261 1623 2319 ἀφιγμέ-

259 2348 367 2387 νους,
409 2332 597 2374 τουτέστιν
636 2330 806 2373 ἐλθοῦσα
848 2331 885 2372 δ’
907 2329 1010 2392 εὗρεν
1051 2335 1184 2388 αἵματι
1216 2330 1343 2372 λοιπὸν
1374 2334 1622 2392 πεφυρμένους

259 2403 324 2445 καὶ
357 2405 423 2449 τὴν
456 2404 577 2460 τύχην
608 2403 737 2452 αυτοῖς
769 2407 834 2446 τοῦ
865 2406 971 2463 φόνου
994 2405 1109 2464 πέρας
1130 2401 1343 2459 λαβοῦσαν.
1378 2404 1485 2444 Inde
1515 2406 1620 2445 Her-

259 2490 460 2524 mannus,
495 2482 712 2531 expuncto
750 2480 910 2532 αἵματος
922 2511 939 2532 ,
972 2477 1156 2535 scripsit:
1189 2475 1250 2517 ἐπὶ
1281 2476 1494 2536 τραύμασιν
1525 2477 1622 2537 ἀμφὶ

262 2549 387 2604 τύχαν
419 2547 494 2596 ἤδη
524 2547 681 2608 ψυχράν
711 2548 792 2590 κτέ.
838 2549 1032 2589 Klotzius
1060 2548 1188 2604 plane
1220 2548 1355 2598 siluit,
1392 2549 1469 2589 nisi
1499 2551 1620 2605 quod

263 2621 468 2661 indicium
509 2627 697 2661 vetustae
728 2621 920 2662 lectionis
963 2620 1239 2661 »incertum’'
1281 2621 1535 2677 appellavit:
1581 2631 1620 2664 et

263 2699 405 2733 tamen
436 2692 680 2732 docendum
710 2699 799 2733 erat
841 2693 948 2748 quid
982 2692 1191 2748 significet
1213 2692 1416 2748 ¹vulgata.
1465 2694 1525 2734 Ex
1556 2696 1619 2735 in-

262 2765 561 2821 terpunctione
587 2765 697 2806 enim
725 2772 902 2821 apparet
931 2779 1027 2806 eum
1054 2765 1233 2806 iunxisse
1262 2765 1473 2825 τραύμασιν
1504 2772 1621 2824 αἵμα-
