2020 3326
662 194 1231 237 COMMENTARIUS.
1560 193 1639 232 119

259 347 447 389 paneum
479 339 519 375 et
545 333 735 389 reliquos
764 333 897 373 duces
923 331 1016 372 urbi
1048 332 1265 373 interitum
1292 332 1522 380 minantes,
1557 330 1633 371 Po-

258 404 443 459 lynicem
468 405 591 446 finxit
618 406 676 445 nil
703 405 781 445 nisi
809 405 988 460 regnum
1020 411 1305 460 repetentem,
1334 404 1409 459 qui
1437 404 1469 443 si
1495 403 1635 445 vietor

259 476 403 516 fuisset
433 483 473 517 et
506 491 577 517 rex
611 477 773 524 factus,
809 490 897 516 non
928 483 1036 531 puto
1070 491 1166 516 eum
1197 476 1321 516 sociis
1352 476 1435 516 suis
1465 475 1638 531 permis-

259 562 405 588 surum
435 549 561 588 fuisse
588 555 633 588 ut
661 549 773 589 cives
811 548 853 587 in
886 549 1132 587 servitutem
1166 548 1454 597 abducerent,
1493 548 1633 603 ipsum

257 620 302 659 in
336 619 501 660 deserta
542 619 648 660 urbe
685 626 977 675 regnaturum.
1041 620 1196 675 Itaque
1229 620 1334 660 nihil
1369 619 1635 660 contrarium

256 690 445 745 probant
487 705 601 747 quae
634 692 677 732 in
712 692 907 746 proximo
943 706 1135 731 sermone
1167 692 1361 732 Eteocles
1401 691 1636 732 iracundus

259 763 379 803 fratri
410 763 635 818 exprobat.
682 763 877 817 Denique
906 763 1026 817 quod
1060 764 1283 818 Polynices
1313 778 1369 804 vs·
1395 762 1498 804 491.
1536 777 1636 803 0011-

258 834 407 875 fitetur
452 849 494 875 se
532 836 639 877 velle
681 836 842 895 πορθεῖν
876 834 1081 895 πατρίδα,
1124 837 1234 875 male
1274 836 1471 891 profecto
1511 835 1637 874 inter-

258 913 487 962 pretantur
536 908 612 963 qui
655 921 752 947 eum
796 908 913 948 aliud
956 909 1146 964 cogitare
1185 913 1342 962 putant
1386 921 1520 962 quam
1561 920 1636 946 ne-

261 979 489 1019 cessarium
511 980 672 1020 malum
693 979 887 1020 obsessae
913 987 1156 1035 captaeque
1183 979 1320 1028 urbis,
1340 980 1427 1019 sine
1442 992 1532 1034 quo
1556 979 1639 1018 sra-

259 1057 366 1091 trem
398 1065 601 1107 superare
639 1058 678 1091 et
717 1066 850 1107 regno
889 1052 970 1091 frui
1003 1066 1091 1092 11011
1121 1058 1284 1107 posset:
1329 1065 1417 1091 non
1451 1051 1640 1106 denique

261 1122 402 1163 obstat
440 1123 635 1163 locastae
667 1123 916 1178 deprecatio
950 1123 1005 1163 ad
1035 1124 1146 1163 filios
1176 1138 1236 1164 vs.
1263 1122 1350 1163 564
1375 1137 1472 1177 sqq.
1506 1123 1637 1178 quip-

259 1208 315 1249 pe
355 1194 473 1234 hunc
511 1195 655 1234 locum
693 1208 965 1234 communem
1010 1194 1275 1234 absterrendi
1311 1208 1441 1234 eausa
1482 1193 1640 1234 exhau-

259 1267 420 1307 rientis.
464 1266 594 1306 Decet
624 1266 896 1320 Polynieem‚
943 1267 1118 1320 qualem
1149 1266 1193 1306 in
1224 1266 1307 1306 hac
1339 1265 1487 1306 fabula
1516 1266 1640 1306 finxit

260 1338 419 1387 Poeta,
455 1345 500 1378 ut
529 1339 648 1377 fratri
678 1338 773 1386 soli,
821 1344 972 1393 utpote
1003 1337 1130 1378 buius
1160 1338 1416 1378 calamitatis
1448 1338 1638 1387 auctori,

259 1409 421 1450 bellum
466 1423 508 1449 se
546 1410 701 1449 inseri-e
741 1409 994 1450 contendat.
1041 1410 1204 1450 Horum
1235 1410 1393 1465 partim
1425 1410 1517 1450 aliis
1548 1424 1641 1451 ver-

261 1481 325 1521 bis
357 1481 590 1536 disputavit
624 1481 989 1529 Valckeuaerius,
1028 1495 1159 1537 quem
1191 1482 1427 1538 intelligere
1458 1483 1643 1523 noluisse

260 1553 521 1608 Interpretes
552 1553 684 1593 dicas.
724 1553 992 1593 Hermannus
1025 1554 1230 1608 praetulit
1262 1554 1384 1608 quod
1420 1555 1641 1610 excogita-

259 1625 318 1666 vit
348 1631 388 1664 et
423 1638 522 1666 vero
555 1625 744 1680 scripsit,
789 1627 865 1673 τοῖς
897 1626 1088 1684 φιλτάτοις
1120 1631 1290 1672 ἥκουσινε
1342 1633 1502 1681 quotus
1541 1640 1642 1667 vero

261 1697 447 1752 quisque
485 1703 545 1736 est
587 1697 695 1751 quin
734 1696 842 1738 haec
894 1699 1034 1738 statim
1075 1699 1135 1739 sic
1178 1699 1411 1755 intelligat:
1458 1700 1520 1738 z‘z‘s
1563 1701 1646 1753 qui

262 1769 534 1808 amicissimi
564 1768 627 1808 ad
652 1783 718 1809 me
748 1769 1007 1810 venerum?
1048 1769 1168 1825 Opus
1199 1777 1312 1811 certe
1347 1777 1406 1811 est
1438 1771 1641 1825 exemplis

262 1839 421 1894 quibus
459 1840 739 1880 confirmetur
774 1842 805 1882 οἱ
838 1842 1012 1900 φίλτατοι
1045 1847 1222 1898 ἦκοντες,
1263 1857 1350 1883 11011
1383 1842 1532 1883 addito
1564 1842 1642 1882 da-

264 1911 349 1952 tivo
381 1912 668 1966 pronominis,
705 1926 792 1953 esse
821 1917 861 1954 z'e'
890 1917 973 1969 qui
1001 1915 1115 1954 mz'ln'
1144 1918 1247 1955 carl
1275 1920 1396 1955 semi.
1445 1915 1645 1954 Lectores

264 1982 391 2023 velim
428 1982 666 2022 diiudicent
708 1991 803 2024 uter
845 1992 1067 2040 argutatus
1109 1987 1159 2026 sit
1196 1993 1235 2026 et
1284 1986 1562 2041 »corrigendi
1593 1986 1644 2026 li-

266 2053 443 2093 bidini’'
491 2053 737 2104 indulserit,
775 2056 1114 2098 Valckenaerius
1153 2072 1207 2097 an
1249 2058 1543 2107 Hermannus,
1587 2059 1646 2099 sic

266 2124 479 2164 scribens:
526 2124 681 2165 »Falsa
715 2134 858 2166 manet
886 2129 1116 2177 sententia,
1154 2129 1239 2169 sive
1275 2132 1441 2171 τοκεῦσιν
1476 2131 1541 2171 vel
1579 2147 1647 2187 γο-

268 2200 414 2251 νεῦσιν,
447 2196 531 2236 sive
563 2195 704 2238 ἑκοῦσιν
734 2197 961 2238 scribatur.
1006 2199 1112 2239 Nam
1144 2213 1224 2239 nec
1256 2201 1528 2255 parentibus,
1573 2203 1647 2243 sed

266 2269 387 2309 fratri
426 2267 587 2308 bellum
625 2269 751 2308 infert
783 2269 1028 2324 Polynices,
1070 2285 1150 2311 nec
1191 2272 1349 2312 volenti
1383 2272 1527 2323 fratri,
1572 2275 1646 2315 sed

269 2340 396 2380 facile
427 2354 628 2394 passuro,
669 2341 701 2379 si
732 2341 777 2380 in
808 2355 919 2396 pace
961 2355 1140 2397 regnare
1171 2343 1316 2398 possit.
1372 2343 1648 2401 Omninoque

268 2412 428 2454 volenti
461 2426 515 2452 an
546 2412 708 2451 nolenti
745 2411 905 2452 bellum
937 2413 1167 2463 inferatur,
1202 2429 1320 2455 nunc
1353 2429 1442 2456 11011
1473 2418 1647 2472 quaeri-

271 2490 363 2533 tur,
412 2483 484 2523 sed
516 2482 600 2523 hoe
638 2489 803 2523 tantum
835 2483 978 2524 dicere
1017 2484 1144 2525 debet
1172 2486 1418 2540 Polynices,
1456 2502 1498 2527 se
1532 2503 1649 2530 arma

270 2555 450 2596 invitum
484 2555 688 2610 cepisse.‘'
739 2555 875 2595 Immo
908 2562 1139 2612 acceptum
1172 2563 1232 2597 est
1265 2557 1424 2598 bellum
1456 2560 1646 2611 Eteocli‚

275 2640 337 2667 vs.
360 2626 445 2666 513
468 2640 567 2681 sqq.
599 2627 811 2666 simulanti
842 2627 1053 2682 pudorem
1083 2627 1253 2669 obstare
1293 2632 1524 2684 quominus
1563 2633 1649 2673 fra-

277 2697 330 2737 tri
358 2697 508 2749 cedat,
542 2712 655 2754 quae
684 2698 890 2739 violenter
921 2698 991 2739 hie
1023 2706 1278 2755 extorquere
1309 2709 1502 2743 conetur.
