2020 3326
494 242 572 282 {94
900 236 1457 278 COMMENTARIUS.

495 378 703 419 vissimam
737 375 879 421 illam,
921 372 1144 427 quomodo
1182 372 1367 411 nuncius
1404 371 1546 411 dicere
1577 374 1763 428 potuerit
1795 374 1868 414 Io-

499 455 659 489 castam
687 444 896 485 ambobus
921 444 1019 483 filiis
1047 443 1263 499 privatum
1290 443 1360 491 iri,
1388 456 1475 483 non
1500 444 1636 499 tetigit
1661 444 1868 486 Herman-

496 534 598 568 nuS,
642 531 723 558 nec
755 516 878 557 solvit
909 514 1219 563 Fimbaberus,
1254 530 1300 570 p.
1331 513 1383 554 81
1419 528 1483 569 sq.
1528 528 1659 569 quem
1687 515 1796 571 fugit
1825 516 1870 556 in

499 589 706 645 asyndeto
737 593 899 628 tantam
926 587 1011 628 vim
1038 585 1279 626 affirmandi
1311 599 1420 634 esse,
1452 592 1499 625 ut
1524 599 1612 627 non
1632 592 1768 635 metu,
1798 585 1873 626 sed.

497 662 551 702 de
585 666 701 701 certa
730 659 904 699 scientia
937 657 1024 698 dici
1052 657 1272 706 videatur,
1313 656 1461 697 ambos
1489 657 1600 697 filios
1632 658 1870 713 perituros,

498 733 531 772 si
564 745 756 787 pugnam
787 735 1025 770 conserant.
1069 729 1247 783 Loquor
1278 728 1332 768 de
1365 728 1524 776 verbis,
1564 735 1611 769 ut
1642 728 1872 769 circumfe-

498 810 670 852 runtur,
702 815 791 842 non
817 800 998 841 admissa
1024 799 1164 840 inutili
1192 800 1441 840 coniectura
1467 800 1650 850 Reiskii,
1680 801 1868 859 στερείσῃ.

501 874 631 927 Quod
670 873 838 913 Iocasta
878 871 1059 912 eandem
1092 871 1381 912 calamitatem
1418 885 1476 912 vs.
1508 871 1632 913 1274.
1668 871 1778 913 1279
1805 886 1872 927 sq.

502 954 542 988 et
572 946 728 988 certius
760 959 817 986 vs.
851 942 974 984 1290.
1003 943 1250 998 praevidet,
1287 943 1457 983 dicens:
1489 944 1651 985 θανοῦσι
1683 942 1721 985 δ’
1744 943 1873 992 αὐτοῖς

499 1019 743 1060 συνθανοῦσα
774 1016 977 1070 κείσομαι,
1021 1014 1092 1055 hic
1133 1021 1270 1054 metus
1310 1020 1369 1054 est
1404 1015 1568 1064 matris,
1605 1028 1875 1070 quamquam

499 1091 609 1130 haec
637 1102 816 1145 quoque
841 1088 899 1128 ita
928 1087 1070 1141 accipi
1097 1093 1298 1141 possunt:
1334 1088 1508 1126 moriar
1534 1101 1629 1126 cum
1659 1088 1748 1135 ἱεῖς,
1780 1088 1876 1127 sive

502 1161 770 1215 Polynices,
799 1161 895 1199 sive
927 1158 1136 1198 Eteocles·
1167 1159 1309 1198 vitam
1339 1159 1559 1197 amiserit.
1593 1156 1735 1198 Choro
1761 1156 1876 1198 idem

499 1246 752 1288 persuasum
805 1244 891 1282 esse
945 1243 1086 1270 errore
1136 1227 1358 1269 contendit
1405 1227 1719 1268 Firnhaberus:
1769 1227 1879 1283 quid

504 1304 617 1344 enim
655 1301 898 1357 significant
931 1314 989 1341 VS.
1028 1299 1150 1340 1295.
1192 1300 1349 1358 πότερος
1380 1302 1461 1359 ἄρα
1493 1302 1646 1360 πότερον
1687 1297 1876 1356 αἱμάξει,

503 1381 544 1415 et
576 1373 697 1414 1301.
727 1375 880 1431 πότερον
910 1375 987 1430 ἄρα
1009 1373 1114 1413 νέκυν
1136 1370 1307 1427 ὀλόμενον
1340 1371 1521 1427 ἰαχήσωὶ)
1546 1386 1661 1427 quae
1688 1385 1877 1426 sequun-

504 1453 574 1487 tur
610 1447 653 1485 in
688 1443 956 1498 antistropha
985 1442 1091 1482 nihil
1122 1442 1302 1497 impedit
1328 1444 1560 1497 quominus
1593 1443 1647 1482 de
1673 1442 1878 1482 alterutro

506 1519 686 1558 fratrum
727 1516 942 1556 dicantur.
999 1513 1213 1556 Videntur
1251 1513 1359 1553 haec
1402 1513 1461 1553 ita
1501 1513 1726 1554 solvenda:
1765 1512 1878 1552 Dixit

505 1589 639 1645 paulo
671 1593 767 1628 ante
797 1585 980 1627 nuncius
1011 1584 1228 1639 utrimque
1261 1597 1383 1624 sacra
1414 1583 1529 1624 facta
1558 1597 1644 1624 esse
1676 1590 1716 1623 et
1746 1583 1878 1623 futuri

507 1660 750 1701 certaminis
788 1663 985 1699 eventum
1026 1655 1288 1697 divinatione
1324 1655 1616 1711 exploratum3
1653 1669 1743 1710 quo
1779 1668 1877 1695 suc-

508 1746 647 1780 cessu,
682 1729 876 1779 reticuit3
906 1729 1054 1782 itaque
1084 1740 1173 1782 quo
1202 1727 1325 1766 simul
1353 1733 1533 1767 matrem
1559 1727 1613 1767 ad
1637 1740 1876 1782 properan-

508 1804 612 1844 dum
647 1802 835 1849 excitet,
862 1799 1001 1841 verbis
1035 1798 1161 1839 aliam
1190 1798 1583 1853 interpretationem
1615 1797 1877 1838 admittenti-

505 1876 586 1916 bus
640 1887 788 1915 verum
833 1871 999 1926 aperit,
1059 1870 1274 1924 utrimque
1322 1869 1505 1910 infausta
1552 1869 1670 1924 signa
1723 1868 1875 1908 fuisse:

508 1945 653 1988 δισσοῖν
684 1947 846 2003 στερήσῃ
879 1940 966 1997 τῇδ’
1001 1941 1038 1982 ἐν
1069 1941 1193 1999 ἡμέρᾳ
1228 1942 1393 1996 τέκνοιν,
1427 1940 1548 1995 quod
1574 1941 1785 1981 incertum
1812 1953 1879 1980 re-

508 2019 637 2074 liquit
671 2017 801 2057 Poeta
836 2013 1048 2054 habeatne
1090 2012 1258 2053 Iocasta
1290 2026 1370 2068 pro
1401 2018 1629 2059 eventuro,
1671 2011 1750 2051 nisi
1789 2024 1881 2051 cer-

508 2098 653 2131 tamen
687 2091 957 2143 praevertat,
1007 2097 1061 2124 an
1104 2090 1267 2124 metuat
1309 2098 1362 2124 ne
1400 2083 1506 2123 fiant
1544 2096 1659 2139 quae
1697 2081 1881 2122 nuncius

509 2167 627 2203 certo
667 2160 813 2200 futura
849 2157 969 2197 dixit.
1019 2155 1062 2195 Si
1100 2155 1324 2211 Euripides
1358 2157 1567 2196 nuncium
1605 2154 1705 2209 ipsis
1744 2152 1881 2195 verbis

513 2234 729 2274 dicentem
769 2229 963 2276 fecisset,
1009 2227 1126 2282 signa
1169 2226 1377 2267 ambobus
1420 2226 1622 2267 fratribus
1664 2225 1882 2267 interitum

506 2303 795 2360 portendisse,
844 2299 1077 2355 aperuisset
1121 2312 1235 2352 quae
1272 2298 1487 2338 auditores
1538 2296 1743 2337 nondum?
1775 2296 1882 2336 scire

509 2377 600 2416 eius
627 2375 850 2421 intererat,
885 2371 917 2411 si
948 2370 1086 2411 bonus
1117 2376 1221 2410 esset
1252 2376 1396 2425 poeta.
1440 2393 1498 2400 —-
1536 2369 1618 2409 Pro
1649 2367 1713 2409 καὶ
1745 2364 1881 2410 τᾶθλα

510 2447 617 2489 δεινὰ
639 2446 797 2503 δάκρυσί
829 2460 884 2486 σοι
912 2447 1109 2500 γενήσεται
1140 2441 1307 2497 scripsit
1334 2441 1621 2481 Hermannus:
1650 2438 1714 2481 καὶ
1744 2436 1881 2480 τᾶθλα

508 2518 595 2560 δείν’
630 2518 656 2559 ἂ
687 2516 847 2577 δάκρυσί
868 2532 923 2557 σοι
953 2518 1170 2571 γενήσεται,
1203 2512 1324 2568 quod
1352 2512 1569 2567 displicuit.
1589 2511 1781 2559 Klotzio,
1810 2523 1882 2550 ro-

511 2591 628 2646 ganti
664 2603 741 2630 cur
767 2589 910 2630 dicere
944 2600 1032 2628 non
1061 2586 1206 2626 liceat:
1252 2583 1368 2624 Nam
1391 2584 1647 2640 periculum
1672 2595 1883 2637 magnum

508 2667 597 2709 est,
643 2667 684 2701 el
719 2662 929 2716 praemia
969 2658 1234 2699 certaminis
1280 2656 1585 2709 lacrymarum
1621 2653 1706 2693 tz‘bz‘
1740 2666 1882 2692 causa

508 2737 655 2772 ereans.
688 2732 780 2772 Hoc
809 2731 937 2772 latine
964 2729 1049 2770 dici
1077 2741 1199 2784 posse
1229 2726 1448 2776 conced03
1476 2737 1630 2781 graeca
1661 2723 1775 2764 hanc
1801 2722 1878 2763 ad-
