2020 3326
420 246 506 286 214
824 245 1386 286 COMMENTARIUS.

426 382 576 421 oeulos
605 382 760 436 aliquo
787 386 982 429 vertere,
1019 381 1135 421 aliud
1168 382 1320 422 oculos
1353 382 1444 422 siba·
1472 385 1662 423 z‘nve'eem
1692 391 1786 425 tra-

422 452 540 492 dere.
578 452 699 503 Quae
726 452 894 492 addidit
926 453 1217 501 Hermannus,
1249 453 1414 507 aptiora
1439 461 1559 494 sunt:
1587 455 1787 495 nimirum

424 522 597 562 Phoen.
615 522 713 563 565.
746 526 838 565 ὅταν
858 541 911 572 τις
932 522 1047 583 ἀνδρὶ
1069 548 1126 554 —-
1148 525 1195 572 εἰς
1214 523 1251 566 ἓν
1273 522 1471 573 {masmana
1493 525 1637 582 ὄμματ’
1660 529 1789 582 ὄμμα-

423 609 478 634 σιν
509 592 623 651 διδῷ.
658 594 729 635 hic
758 609 857 636 vero
889 599 1048 651 ὄμματα
1077 603 1174 637 sunt
1205 600 1409 652 spec-lue,
1444 603 1607 647 nutus,
1643 600 1788 653 sz‘gm'-

412 664 677 718 fiealz‘oues.
724 667 835 707 Plut.
869 668 912 708 in
943 667 1124 724 th'lop.
1158 682 1195 708 c.
1230 667 1294 708 19.
1339 667 1577 718 διαδιδόντες
1618 669 1792 717 αλλήλοις

424 735 554 791 Myer:
598 737 671 777 sed
702 737 870 778 facilius
900 739 1022 780 nobis
1051 740 1231 779 invicem
1265 738 1488 796 διαδίδομεν
1517 755 1788 791 sermonem,

424 822 556 861 quam
579 808 792 863 pupilla-s·
821 810 1071 859 oculorum,
1103 824 1243 866 eoque
1267 810 1487 852 Plutarchi
1517 813 1615 852 loco
1644 813 1793 852 melior

423 884 555 918 exstat
595 879 723 919 lectio
762 878 960 929 διδόνταςε
1007 884 1050 921 in
1089 884 1186 922 vita
1218 882 1396 936 Syllae,
1428 897 1465 923 c.
1495 883 1567 923 35.
1608 883 1788 923 dicitur:

423 949 483 991 ἐπ’
518 950 705 1000 ἀλλήλους
737 951 904 1009 ἐγένοντο
936 977 992 982 ——
1026 952 1290 1010 μειδιαμάτων
1325 953 1535 1003 διαδόσεις;
1572 955 1687 1007 Quid
1713 955 1791 994 mi-

423 1022 550 1062 rum?
592 1036 815 1077 possumus
855 1025 967 1064 enim
1009 1023 1226 1067 διαδιδόναι
1254 1026 1428 1074 αλλήλοις
1462 1026 1631 1081 quasvis
1663 1025 1790 1065 animi

423 1092 788 1146 perturbationes,
817 1109 931 1150 quae
962 1097 1119 1145 oculis,
1152 1098 1295 1146 vultu,
1326 1104 1444 1153 gestu
1476 1097 1791 1153 significantur;

425 1163 499 1203 ubi
534 1164 652 1219 ipsae
684 1166 879 1221 pupillae
908 1167 1135 1207 oculorum
1167 1168 1221 1208 ab
1255 1169 1570 1224 antiquioribus
1600 1168 1794 1208 diceren-

426 1241 498 1274 tur
530 1242 681 1276 mutuo
712 1235 986 1293 διαδίδοσθαι,
1027 1238 1221 1279 nondum
1254 1240 1489 1280 attulerunt
1524 1240 1796 1294 InterpreteS.

430 1305 615 1346 Omnino
643 1315 827 1357 constat,
858 1308 1136 1349 demonstrari
1164 1317 1278 1350 certe
1302 1317 1465 1366 potest,
1494 1310 1791 1357 Plutarchum,

428 1383 469 1416 et
500 1377 588 1417 eius
620 1379 767 1418 aetatis
803 1379 1030 1433 scriptores
1060 1381 1238 1428 multos,
1284 1388 1446 1421 veteres
1483 1381 1660 1436 quidem
1698 1380 1794 1420 dili-

430 1454 577 1503 genter
609 1448 840 1498 lectitasse,
877 1449 1028 1490 horum
1058 1464 1159 1490 vero
1194 1451 1456 1492 dictionibus
1489 1465 1796 1507 saepenumero

428 1519 517 1559 sine
547 1519 708 1560 iudicio
738 1533 833 1560 usos
860 1535 969 1570 esse,
1005 1521 1194 1576 indeque
1219 1523 1358 1563 minus
1383 1522 1521 1578 proba
1548 1523 1591 1563 in
1617 1523 1796 1563 latinum

425 1603 662 1630 sermonem
686 1591 942 1632 imitantium
965 1593 1187 1632 transiisse.
1217 1593 1301 1633 Sed
1326 1594 1533 1634 faciamus
1550 1593 1797 1648 Euripidem

429 1661 488 1700 sic
512 1661 724 1717 scripsisse
746 1663 1012 1703 —1iondum
1040 1664 1151 1703 enim
1178 1664 1394 1704 contendo
1421 1665 1546 1705 huius
1571 1664 1799 1704 insolenter

431 1732 536 1772 dicti
579 1747 708 1773 causa
749 1746 915 1774 versum
951 1734 1307 1789 proscribendum
1337 1750 1446 1785 esse,
1487 1736 1735 1791 praesertim
1767 1737 1797 1775 si

431 1805 539 1863 κόραι
566 1811 887 1860 sumantur'pro
909 1812 1040 1854 nutu,
1068 1806 1380 1861 significatione
1400 1832 1479 1855 —,
1506 1807 1614 1862 quid
1642 1813 1702 1847 est
1722 1807 1799 1846 ab·

434 1877 621 1915 solutum
651 1875 880 1932 κᾶβλεψανέ
911 1876 978 1916 An
1008 1878 1158 1917 oeulos
1190 1878 1357 1917 clausos
1386 1877 1627 1926 habebant,
1661 1878 1800 1932 prius-

432 1961 565 2002 quam
610 1947 687 1987 sibi
725 1948 803 1988 hos
842 1948 1025 1989 invicem
1056 1947 1306 1988 traderent?
1352 1955 1540 1989 autnon
1569 1949 1804 2003 requiritur

433 2023 648 2074 praepos.>
679 2019 728 2067 εἰς
757 2020 822 2060 vel
856 2021 976 2079 πρός,
1009 2026 1083 2060 aut
1112 2021 1286 2060 omnino
1318 2020 1416 2060 ferri
1449 2026 1590 2075 potest
1621 2020 1801 2060 otiosum

436 2089 615 2130 verbum
645 2091 851 2139 videndi,
881 2091 1004 2146 quasi
1029 2091 1072 2131 in
1102 2092 1295 2131 oratione
1325 2091 1462 2131 soluta
1490 2091 1631 2131 dicas:
1663 2091 1805 2147 ἕτνψαν

441 2161 616 2210 αλλήλοις
646 2161 904 2218 ἐμβάλλοντες
935 2162 1118 2219 πληγαςῖ)
1149 2162 1244 2202 Non
1272 2162 1455 2212 latebat,
1485 2163 1662 2217 opinor,
1695 2162 1803 2203 Poe-

438 2240 549 2282 tam,
591 2240 788 2274 mutuum
822 2234 1028 2274 eiusmodi
1060 2233 1313 2288 adspectum
1352 2233 1679 2273 admirantium
1718 2247 1805 2273 esse

437 2307 645 2345 ettae-ite
680 2305 1049 2360 z‘nde]g·7tantc'ecnz,
1089 2318 1176 2344 non
1214 2304 1451 2344 dolentium
1492 2305 1628 2345 oculis
1662 2304 1803 2359 lacry-

439 2376 581 2416 mosis.
626 2376 692 2416 lta
732 2376 811 2416 fert
854 2383 1008 2416 natura
1050 2376 1263 2424 humana,
1310 2376 1431 2415 cuius
1465 2375 1804 2416 observationem

438 2460 536 2486 raro
583 2447 805 2487 omittebat
846 2448 1091 2503 Euripides,
1138 2447 1358 2502 quidquid
1394 2447 1437 2487 in
1468 2447 1558 2487 aliis
1590 2461 1803 2487 nonnum-

443 2532 575 2571 quam
605 2525 824 2574 peccaret.
873 2519 1149 2574 Quapropter
1193 2519 1336 2559 malim
1379 2518 1484 2558 nihil
1514 2518 1600 2558 fere
1640 2524 1807 2558 mutans

445 2590 662 2629 restituere
704 2591 915 2647 κᾶκλεψαν.
975 2590 1026 2630 In
1068 2604 1144 2630 usu
1190 2590 1269 2629 fuit
1308 2590 1461 2644 partic.
1500 2589 1699 2644 κλέπτων,
1740 2602 1802 2627 se-

445 2667 604 2713 quente
631 2662 760 2702 verbo
794 2662 939 2711 finito3
978 2662 1168 2702 inversae
1204 2660 1379 2715 quidem
1410 2661 1583 2701 rationis
1614 2658 1804 2712 exempla

443 2730 485 2770 in
514 2738 686 2785 promtu
716 2745 803 2773 non
836 2732 998 2782 habeo,
1036 2747 1172 2786 quum
1208 2745 1306 2773 vero
1337 2745 1540 2786 graecum
1573 2731 1621 2770 sit
1653 2729 1801 2770 cadem
