2020 3326
382 272 461 314 174
782 260 1339 307 COMMENTARIUS.

373 408 451 448 fuit
490 419 542 446 nc
585 401 922 443 confunderetur
961 397 1027 437 vel
1069 410 1169 437 cum
1201 396 1328 445 Iove,
1379 396 1444 437 vel
1485 409 1584 437 cum
1624 397 1735 437 Sole,

370 478 594 518 Praeterea
637 486 724 513 non
768 470 1010 510 inauditum
1054 473 1114 507 est
1155 467 1377 522 epitheton
1417 468 1516 507 loco
1558 468 1738 508 nominis

368 549 492 602 poni:
535 545 657 585 cuius
694 542 857 598 generis
897 539 1105 580 nonnulla
1145 538 1340 579 dedimus
1381 539 1425 579 in
1462 545 1552 578 not.
1593 538 1648 578 ad
1679 553 1736 579 vs.

373 617 470 660 7942.
519 616 645 656 Addo
687 614 731 654 in
767 612 870 653 Tab.
905 611 987 660 ΙΙΙ,
1018 610 1058 650 4.
1099 610 1398 664 disputationis
1428 609 1654 650 Panofkae
1686 609 1739 649 de

370 690 565 744 Panopta
603 686 785 741 (comm.
812 683 947 724 Acad.
979 681 1117 722 Berol.
1150 680 1295 736 1838.)
1330 695 1468 736 prope
1498 687 1630 735 caput
1659 680 1740 720 Ar-

372 761 413 816 gi
444 760 584 799 literas
619 771 730 807 esse,
762 769 870 811 quas
900 756 984 795 sive
1015 752 1219 795 ΠΟΝΑΠ
1250 753 1333 794 sive
1364 752 1568 795 ΠΑΝΟΠ
1600 753 1737 807 legas,

370 831 475 871 nihil
503 830 685 870 nominis
711 828 965 868 adiunctum
996 825 1170 866 habent.
1213 825 1341 876 Quod
1367 825 1400 864 si
1431 831 1629 864 constans
1655 823 1742 863 fere

372 902 637 944 consuetudo
680 901 759 940 fuit
804 898 1019 939 artificum
1067 896 1170 952 (hoc
1211 896 1323 936 enim
1364 895 1603 936 consulenti
1640 894 1743 934 mihi

372 973 642 1015 confirmavit
671 970 942 1012 Leemansius
967 968 1153 1023 noster),
1189 974 1235 1008 ut
1259 968 1302 1008 in
1323 966 1567 1007 huiusmodi
1596 966 1744 1006 inscri-

372 1044 591 1101 ptionibus
621 1056 861 1099 cognomen
894 1040 1076 1095 aliquod
1109 1039 1276 1080 celebre
1304 1045 1514 1095 ponerent
1547 1038 1634 1078 sine
1664 1051 1742 1077 no-

371 1118 505 1165 mine,
540 1115 693 1171 quidni
720 1114 872 1154 Poetas
903 1125 979 1152 suo
1004 1112 1095 1152 iure
1126 1125 1223 1151 usos
1252 1124 1339 1151 esse
1368 1109 1638 1165 putabimus,
1670 1115 1743 1149 aut

367 1189 533 1244 Argum
564 1193 683 1227 certe-
709 1185 908 1226 eximium
941 1183 1026 1224 hoc
1057 1182 1254 1223 habuisse
1287 1188 1333 1222 ut
1364 1196 1415 1222 ex
1445 1181 1517 1221 illo
1552 1179 1743 1236 epitheto

373 1263 729 1315 cognosceretur,
776 1256 1024 1310 frequenter
1064 1254 1241 1294 fortasse
1285 1253 1457 1294 obviam
1499 1252 1671 1300 futuro,
1714 1252 1746 1291 si

374 1331 500 1386 plura
528 1335 754 1384 poetarum
784 1332 1063 1366 monumenta
1096 1331 1278 1365 aetatem
1311 1324 1516 1364 tulissent.
1559 1322 1642 1363 Sed
1669 1336 1745 1363 116-

377 1400 604 1442 cessarium
644 1412 773 1453 quem
813 1403 937 1452 putat
978 1410 1123 1438 versus
1161 1396 1336 1451 vestigia
1368 1396 1634 1435 Hermannus
1669 1394 1744 1433 de-

374 1470 641 1528 prehendere
672 1469 749 1509 sibi
779 1469 891 1510 visus
921 1474 980 1508 est
1013 1468 1057 1507 in
1087 1467 1150 1507 his
1180 1466 1373 1507 scholiis:
1407 1465 1444 1507 ἐν
1476 1468 1579 1523 μέσῳ
1611 1470 1666 1522 τῷ
1689 1488 1745 1495 -—-

375 1546 485 1584 σάκει
518 1542 769 1599 ἐνεγέγραπτο
801 1540 820 1581 ὁ
853 1539 999 1599 ’Ἄργος
1032 1539 1051 1580 ὁ
1083 1539 1180 1580 κύων
1192 1573 1209 1593 ,
1243 1544 1282 1578 et
1313 1538 1375 1580 τὸν
1398 1537 1544 1597 ’Ἄργον
1566 1538 1660 1579 κύνα
1682 1537 1743 1578 λε’-

374 1632 457 1670 γει,
501 1621 540 1654 et
584 1615 799 1661 πανόπτην·
838 1612 900 1655 τὸν
933 1610 1079 1671 ”Αργον
1111 1612 1220 1652 κύνα.
1279 1609 1379 1649 Mihi
1425 1609 1505 1649 hae
1546 1609 1745 1650 videntur

375 1700 461 1727 esse
502 1685 808 1742 explicationes
851 1684 939 1724 eius
983 1683 1104 1738 quod
1143 1683 1275 1722 Poeta
1321 1682 1539 1721 omiserat:
1587 1694 1742 1735 parum

374 1765 489 1799 certe
518 1757 851 1813 proficeremus,
887 1756 918 1795 si
951 1760 1261 1795 commentator
1291 1753 1582 1809 explicaturus
1615 1751 1743 1792 verba

374 1830 452 1872 κύν’
486 1829 632 1889 Ἄργον
657 1826 885 1868 monuisset
908 1827 1082 1867 Poetam
1113 1825 1175 1868 τὸν
1197 1825 1342 1881 ’Ἄργον
1362 1825 1456 1866 κύνα
1479 1824 1609 1879 λέγειν.
1655 1823 1742 1862 Ita-

373 1915 460 1957 que
501 1901 620 1942 haud
660 1899 790 1940 dubie
830 1898 933 1938 mihi
975 1898 1179 1953 largietur
1222 1897 1489 1937 Hermannus
1527 1908 1608 1935 nec
1641 1893 1742 1949 Argi

375 1987 531 2014 nomen
570 1971 893 2013 commemorari
930 1969 1148 2017 debuisse,
1188 1982 1269 2008 nec
1311 1981 1475 2007 canem.
1525 1966 1575 2006 In
1611 1964 1744 2005 tribus

376 2043 551 2100 quidem
585 2043 757 2084 Tabulis
784 2042 825 2091 I,
860 2041 919 2084 IV
946 2047 985 2081 et
1011 2040 1070 2089 V,
1113 2039 1231 2094 apud
1259 2039 1527 2086 Panofkam,
1562 2042 1741 2092 apparet

379 2116 496 2156 canis
518 2121 732 2170 pastorem
753 2113 915 2168 Argum
938 2112 1168 2161 comitans3
1198 2111 1271 2151 sed
1293 2110 1448 2150 mirum
1473 2123 1560 2149 non
1583 2115 1642 2148 est
1669 2121 1742 2147 ca-

378 2201 474 2227 nem
502 2186 665 2241 pastori
693 2184 945 2225 adiunctum
974 2196 1084 2231 esse,
1119 2183 1195 2237 qui
1221 2181 1396 2237 quidem
1423 2180 1467 2220 in
1496 2179 1599 2219 Tab.
1630 2180 1668 2228 I,
1690 2179 1736 2227 2,

378 2258 431 2298 de
456 2257 601 2313 lapide
630 2263 770 2297 vetere
800 2255 965 2296 caelato
995 2254 1139 2309 pictus
1171 2260 1230 2294 est
1257 2253 1508 2301 dormiens,
1542 2251 1741 2305 vigilante

378 2329 507 2384 Argo.
567 2327 706 2383 Argus
742 2327 859 2367 canis
897 2326 968 2366 Ius
1009 2332 1151 2366 custos
1195 2325 1363 2366 videtur
1397 2337 1483 2363 esse
1528 2335 1744 2363 commen-

378 2406 469 2439 tum
501 2405 818 2446 enarratorum,
863 2397 938 2452 qui
971 2397 1115 2437 nescio
1148 2395 1371 2452 quomodo
1405 2394 1560 2448 Ulyssis
1591 2406 1741 2433 canem

377 2470 540 2526 Argum
569 2484 668 2510 cum
700 2469 895 2524 Panopta
926 2467 1237 2508 confuderunt:
1281 2467 1337 2507 cf.
1372 2465 1532 2506 Grotef.
1561 2464 1603 2503 in
1631 2463 1743 2503 Diar.

381 2542 527 2595 Antiq.
563 2539 684 2581 1838.
721 2556 764 2595 p.
795 2539 895 2580 566.
933 2564 990 2569 —
1027 2539 1212 2579 Remoto
1255 2551 1384 2586 cane,
1433 2535 1565 2576 nihilo
1606 2533 1745 2573 minus

384 2612 723 2652 commendanda
749 2618 808 2652 est
836 2611 1066 2651 Hermanni
1095 2610 1280 2665 suspicio
1307 2622 1357 2649 eo
1387 2606 1508 2662 quod
1533 2605 1641 2645 ratio
1671 2618 1744 2644 ex-

386 2683 563 2737 cogitari
600 2684 750 2738 nequit
786 2697 864 2724 cur
896 2681 1120 2737 Euripides
1147 2680 1316 2722 finxerit
1342 2680 1581 2732 Panoptam
1609 2676 1745 2716 solum

386 2754 473 2794 sine
503 2766 659 2802 vacca,
695 2768 826 2809 quam
858 2751 1110 2795 custodiret:
1145 2752 1284 2807 qualis
1312 2750 1468 2805 effigies
1498 2748 1599 2790 nihil
1632 2749 1674 2788 in
1703 2762 1744 2786 se
