2020 3326
390 250 469 288 116
789 240 1347 285 COMMENTARIUS.

388 386 580 425 ratione.
622 381 839 427 Klotzffls,
875 378 951 433 qui
982 382 1007 421 ἥ
1035 376 1264 433 praetulit,
1309 376 1368 416 sic
1401 376 1611 431 explicat:
1646 377 1756 432 for-

391 462 514 496 lasse
538 454 679 494 cubile
704 464 948 506 quaerens,
984 453 1067 488 aut
1091 449 1271 488 omuino
1303 452 1353 486 ut
1379 447 1513 486 exsul
1539 449 1757 489 errabzm-
1782 477 1786 481 ·

389 527 499 575 dns,
536 531 724 580 apteque
753 520 1010 576 respondere
1039 519 1306 573 Polynicem:
1345 515 1389 563 ἦν
1421 521 1565 560 ταῦταε
1600 520 1761 559 scilicet

390 598 601 636 loc-astam
644 594 751 633 duas
787 606 851 631 res
889 591 1041 631 similes
1083 604 1166 630 una
1199 590 1532 645 interrogatione
1563 604 1761 646 compre-

392 666 604 714 hendere,
638 664 895 718 easdemque
926 662 1155 717 complecti
1184 661 1396 716 Polynicis
1426 664 1760 717 responsionem.

394 738 489 778 Non
528 737 652 779 video
688 735 910 791 quomodo
946 733 1054 773 hacc
1086 733 1382 789 interpretatio
1416 733 1537 773 tollat
1570 734 1762 788 particu-

393 810 460 849 lae
490 813 515 853 ἥ
551 809 635 848 vim
673 807 986 847 disiunctivam.
1044 805 1334 844 Hermannus:
1388 804 1654 860 »interrogat
1694 805 1766 845 Io·

396 888 509 921 casta
530 909 542 929 ‚
578 894 681 920 num
716 878 858 918 cubile
885 890 1099 932 quaerens
1130 890 1184 915 an
1217 889 1317 914 casu
1348 875 1402 914 ad
1433 875 1661 915 Adrastum
1691 890 1763 916 ve-

395 952 563 993 nerit:''
607 952 755 1005 itaque
795 949 1043 1003 Polynicen]
1084 947 1342 1002 respondere
1383 946 1436 986 de
1477 946 1624 986 cubili.
1670 947 1765 987 Non

397 1024 621 1064 assentior:
670 1035 938 1077 quamquam
979 1019 1091 1059 enim
1133 1019 1358 1073 Polynices
1399 1017 1541 1058 cubile
1584 1033 1765 1074 quaere-

399 1096 495 1144 bat,
531 1102 673 1134 tamen
702 1093 819 1133 exsul
843 1091 1035 1132 errabat:
1072 1098 1112 1130 ct
1139 1091 1192 1130 dc
1224 1104 1364 1129 errore
1394 1091 1514 1129 simul
1544 1090 1661 1130 hunc
1691 1104 1766 1131 co-

400 1166 594 1222 gitavisse
625 1165 854 1204 ostendunt
900 1177 1013 1218 quae
1051 1161 1293 1217 subiungit,
1336 1159 1443 1215 κᾷτά
1475 1162 1509 1217 γ’
1545 1159 1661 1207 ἦλθεν
1691 1162 1764 1204 ἅλ-

402 1238 463 1286 λος
496 1233 545 1279 αὖ
575 1239 716 1296 φυγαῖς.
773 1235 873 1275 Mihi
913 1234 1081 1275 videtur
1120 1233 1227 1273 haec
1268 1235 1473 1273 sententia
1501 1235 1683 1288 requiri,
1721 1242 1767 1275 ut

398 1316 518 1365 roget
558 1309 724 1348 Iocasta
780 1321 878 1347 cum
922 1306 1214 1353 miseratione,
1267 1305 1430 1344 adeone
1474 1306 1674 1346 erraverit
1720 1312 1766 1346 ut

399 1387 532 1422 noctu
565 1380 706 1420 cubile
738 1379 938 1433 fatigatus
968 1391 1173 1431 quaerere
1201 1376 1419 1416 debuerit:
1449 1391 1562 1431 quae
1586 1377 1769 1418 breviter

400 1451 726 1508 comprehendit
762 1449 968 1488 Adrastus
1011 1449 1054 1487 in
1088 1448 1249 1502 Snppl.
1283 1447 1377 1487 153.
1419 1447 1574 1490 ἐλθόντε
1614 1448 1766 1507 φυγάδε

397 1524 528 1572 νυκτὸς
560 1524 608 1571 εἰς
642 1522 739 1579 ἐμὰς
774 1520 913 1568 πύλας.
965 1519 1255 1571 Quamobrem
1286 1526 1390 1573 opto
1417 1517 1468 1574 ᾖ,
1499 1535 1591 1575 qua
1621 1523 1764 1560 ratio-

398 1612 476 1645 ve,
512 1594 536 1652 ᾗ
565 1596 688 1654 φυγάς
720 1593 988 1648 πλανώμενος,
1022 1592 1048 1630 i.
1077 1605 1112 1630 e.
1147 1589 1170 1646 ᾖ
1202 1591 1324 1649 φυγὰς
1355 1590 1549 1633 πλανᾶται
1562 1627 1578 1646 ,
1611 1592 1766 1633 πλανώ-

394 1685 528 1724 μενος,
561 1672 742 1715 temere,
784 1677 939 1719 nempe
970 1662 1058 1702 sine
1090 1662 1266 1701 consilio
1303 1669 1342 1701 ct
1373 1663 1465 1702 viae
1506 1664 1764 1719 cognitione.

452 1739 554 1780 421.
604 1739 660 1786 τίς
692 1733 826 1791 οὖτος5
870 1736 921 1783 ὡς,
954 1734 1015 1794 ἄρ’
1050 1733 1186 1781 ἅθλιος,
1221 1734 1390 1782 κάκεῖνος
1420 1732 1477 1779 ἦν.
1525 1735 1762 1776 Sententia:

397 1814 500 1867 ‹qu's
532 1809 668 1850 erat?
709 1809 789 1848 hoc
818 1809 934 1847 em‘m
965 1808 1081 1846 scire
1114 1807 1268 1860 euple,
1309 1808 1523 1860 quonlam
1554 1806 1625 1847 Ιιίο
1657 1821 1765 1862 quo-

399 1897 508 1939 qne,
544 1887 595 1921 ut
623 1887 692 1928 ίιι,
730 1879 911 1919 ve'clelur
940 1876 1271 1931 veisersmfsse.

458 1954 557 1994 431.
615 1950 740 1993 Τυδεῖ
767 1967 805 1993 τε
837 1949 978 2006 κάμοί·
1026 1948 1223 2005 σύγγαμος
1256 1951 1336 2007 γάρ
1375 1947 1453 1990 ἐστ’
1487 1947 1589 2004 ἐμός.
1648 1948 1769 2000 Quae

398 2025 665 2065 Hermannus
702 2027 1013 2063 commentatus
1052 2027 1112 2059 est
1141 2020 1357 2060 describo:
1401 2020 1768 2062 »Valckenaerius

403 2098 457 2138 ad
503 2097 676 2137 doctam
720 2095 774 2135 de
815 2091 1067 2152 σύγγαμβρος
1109 2098 1148 2132 et
1192 2093 1390 2148 σύγγαμος
1436 2092 1767 2147 disputationem

402 2170 567 2209 delatus
600 2168 662 2207 sui
698 2166 769 2206 hio
802 2165 1010 2205 dissimilis
1041 2163 1134 2203 fuit.
1189 2163 1395 2218 Alioquin
1426 2162 1542 2203 hunc
1573 2177 1762 2213 versum,

398 2241 521 2281 sicuti
555 2239 761 2287 lominus,
803 2244 848 2277 ut
880 2249 1052 2291 prorsus
1082 2235 1277 2290 ineptum
1309 2235 1561 2274 damnasset.
1603 2234 1766 2274 Iortino

399 2311 552 2352 assensi
593 2316 689 2350 sunt
722 2309 816 2357 alii,
861 2309 1165 2361 eieceruntque
1202 2306 1444 2346 Brunckius
1469 2312 1508 2345 et
1538 2305 1761 2346 Porsonus.

400 2384 489 2439 Ego
531 2396 618 2423 non
658 2380 940 2427 efficiendum,
986 2378 1060 2418 sed
1100 2377 1417 2418 emendandum
1459 2376 1561 2417 duxi
1590 2382 1764 2430 recepto

399 2454 494 2510 ἐμοί.
529 2452 708 2494 Videtur
737 2453 847 2492 enim
869 2451 1068 2507 σύγγαμον
1094 2450 1171 2490 sibi
1198 2449 1368 2497 dixisse,
1403 2447 1478 2503 qui
1504 2446 1652 2486 eodem
1674 2460 1764 2501 quo

400 2527 490 2580 ipse
523 2525 591 2565 die
620 2525 793 2580 nuptias
824 2523 1002 2563 fecisset.
1058 2522 1118 2561 Ex
1150 2534 1239 2575 quo
1269 2520 1482 2575 sequitur,
1525 2524 1592 2566 ut,
1628 2531 1763 2571 quum

398 2596 491 2651 pari
530 2596 750 2650 utriusque
791 2595 882 2634 iure
925 2592 1174 2648 ambiguum
1218 2597 1322 2630 esset
1360 2589 1605 2644 Tydeumne
1644 2588 1763 2642 prius

402 2682 456 2707 an
484 2666 714 2719 Polynicen
746 2666 788 2705 in
819 2665 1002 2720 patriam
1033 2664 1269 2703 restitueret
1299 2660 1526 2707 Adrastus,
1559 2659 1602 2698 in
1632 2658 1761 2699 bene-

396 2738 496 2778 ficio
541 2742 808 2785 numeretur,
868 2735 989 2790 quod
1032 2734 1176 2788 Tydeo
1221 2727 1467 2789 praetulerit
1511 2730 1757 2784 Polynicen.
