2020 3326
448 260 526 301 192
847 253 1408 296 COMMENTARIUS.

440 396 560 453 quod
591 394 786 434 Klotzius
815 404 896 447 pro
926 389 1200 449 στρατηλάτας
1229 403 1451 444 pugnans,
1489 391 1808 446 interpretando

442 467 632 522 supplet:
653 475 1034 519 perpraeeones,
1067 460 1293 501 additurus
1319 467 1408 501 erat
1423 460 1577 511 Poeta,
1604 462 1634 501 si
1652 462 1694 502 in
1720 465 1810 502 ani-

439 552 508 578 mo
541 535 769 575 habuisset.

503 606 625 648 1258.
679 604 817 664 ’Ἄργει
851 603 884 646 τ’
910 602 1048 645 εὐκλεᾶ
1082 602 1212 644 δοῦναι
1246 603 1371 660 λόγον.
1428 604 1638 645 Utramvis
1673 604 1808 659 expli-

440 680 659 720 cationum
697 676 881 732 probes,
925 688 1034 730 quas
1076 672 1333 714 Seholiastes
1362 674 1583 724 adhibuit,
1622 674 1810 714 dubitari

438 756 576 807 potest
601 763 705 789 num
733 747 841 803 quid
865 747 1026 802 gloriae
1052 745 1394 786 redundaturum
1421 753 1523 786 esset
1553 746 1607 786 ad
1632 746 1809 801 Argivos

440 836 462 861 e
493 820 672 863 victoria
699 818 929 873 Polynicis.
965 817 1008 857 Si
1032 816 1214 873 Argivus
1242 823 1369 866 esset,
1403 817 1603 872 utilisque
1630 818 1809 859 victoria

438 894 485 934 iis
517 906 704 948 quorum
744 890 901 931 auxilio
943 895 1159 937 uteretur,
1202 888 1245 928 hi
1287 889 1434 928 saltem
1469 888 1657 929 habituri
1689 895 1808 929 erant

442 964 564 1021 quod
604 964 641 1004 ei
684 968 915 1017 acceptum
945 961 1116 1006 ferrent.
1167 959 1275 1000 Nam
1315 973 1365 1000 ex
1397 966 1528 1014 pacto
1558 973 1647 999 non
1675 960 1808 1015 magis

446 1051 545 1077 cum
586 1035 731 1090 spoliis
773 1033 948 1074 domum
989 1031 1195 1073 reversuri
1232 1037 1352 1071 erant
1382 1031 1587 1086 Polynice
1618 1031 1807 1079 victore,

441 1123 574 1164 quam
604 1106 799 1154 Eteocle,
844 1104 1038 1158 nihilque
1079 1103 1307 1151 auxilium,
1356 1102 1478 1157 quod
1516 1102 1660 1142 adhuc
1701 1103 1808 1142 tule-

442 1187 536 1220 rant
576 1179 662 1219 sine
705 1190 928 1224 successu,
987 1174 1174 1215 faciebat
1216 1174 1272 1214 ad
1314 1173 1555 1229 augendam
1599 1173 1811 1228 Polynicis

443 1244 750 1291 fortitudinem.
784 1271 841 1277 —
870 1247 963 1286 Hoc
994 1246 1052 1285 ita
1084 1245 1334 1286 solvendum
1367 1244 1555 1285 videtur:
1595 1245 1810 1284 Eteoclen]

444 1336 531 1362 non
571 1319 627 1360 ad
669 1319 926 1373 singularem
958 1330 1171 1371 pugnam,
1214 1317 1257 1356 in
1298 1315 1419 1356 cuius
1450 1316 1564 1355 exitu
1596 1316 1810 1356 fortunam

442 1391 543 1432 belli
587 1389 950 1445 periclitarentur,
997 1388 1169 1426 fratrem
1216 1392 1495 1427 evocaturum
1535 1387 1682 1435 fuisse,
1732 1386 1809 1426 nisi

446 1464 516 1504 hic
548 1462 683 1517 copiis
714 1460 967 1515 Argivorum
998 1463 1316 1498 sustentaretur.

506 1533 617 1574 1262
641 1546 738 1586 sqq.
782 1530 970 1589 ἐμπύρους
1003 1528 1035 1570 τ’
1059 1529 1191 1584 ἀκμὰς
1222 1553 1280 1557 —
1312 1532 1386 1569 τῶν
1418 1529 1658 1584 ἡσσωμένων.
1694 1527 1807 1567 Nihil

444 1605 609 1647 variant
650 1602 769 1650 libri,
814 1602 892 1641 nisi
928 1602 972 1640 in
1012 1600 1181 1642 ἐναντίαν
1211 1606 1250 1639 et
1281 1598 1468 1641 ἐναυτίων.
1514 1600 1606 1639 Hoc
1644 1605 1810 1654 postre-

447 1690 563 1716 mum
592 1679 841 1730 spreverunt
872 1672 1152 1726 Interpretes:
1181 1671 1224 1710 in
1251 1671 1323 1711 illo
1356 1671 1467 1711 enim
1497 1670 1681 1711 obscuro
1710 1687 1810 1724 μαν-

447 1748 547 1795 τείας
584 1744 814 1802 specimine
846 1743 924 1783 tria
958 1742 1100 1783 vident
1130 1743 1396 1782 Hermannus
1427 1748 1467 1781 et
1496 1741 1711 1790 Klotzius3
1745 1742 1809 1780 ni-

445 1819 621 1859 mirum:
670 1814 857 1874 ἐμπύρόυς
899 1815 1059 1869 ἀκμάς,
1102 1827 1219 1868 qaas
1266 1815 1418 1868 apices
1444 1813 1666 1868 flammae
1707 1826 1809 1851 sur-

441 1891 594 1946 gentis
632 1893 758 1929 vocat
794 1886 1083 1932 Hermannus,
1114 1884 1284 1939 firmas
1316 1889 1358 1923 et
1397 1883 1655 1938 aequabiles
1687 1885 1807 1938 egnis

444 1959 736 2006 altitudines,
783 1963 824 1997 et
859 1958 998 2011 quasi
1017 1956 1188 2011 florem
1218 1957 1340 2010 ignis
1370 1955 1585 1995 Klotzius:
1631 1954 1811 1994 alterum

444 2031 564 2092 ῥήξεις
596 2029 771 2090 ὑγρότητ’
804 2028 1001 2082 ἐναντίαν,
1043 2040 1152 2081 quas
1195 2027 1264 2066 ille
1303 2027 1626 2082 interpretatur:
1658 2025 1808 2080 fissus

445 2107 496 2144 in
540 2103 724 2142 diversa
762 2101 965 2140 sinuosis
995 2098 1204 2154 flexibus
1243 2098 1391 2153 ignis,
1435 2096 1529 2136 hic:
1579 2098 1809 2137 scissurae

440 2175 676 2229 flammae,
713 2169 946 2212 mollitudo
978 2174 1114 2223 atque
1141 2167 1390 2223 infirmitas
1422 2169 1657 2208 contraria
1671 2182 1685 2206 .·
1725 2173 1808 2206 ter-

450 2246 554 2285 tium
587 2244 795 2298 denique:
843 2245 967 2300 ἄκραν
999 2238 1226 2296 λαμπάδα,
1259 2239 1379 2294 quod
1408 2245 1589 2293 uterque
1618 2251 1697 2295 pro
1722 2237 1808 2292 fa—

443 2318 579 2371 stigio
596 2315 819 2370 flammae
849 2312 994 2352 habet.
1031 2311 1233 2359 Mentiar,
1269 2311 1299 2350 si
1330 2310 1473 2350 dicam
1500 2324 1567 2349 me
1596 2322 1712 2349 nunc
1742 2308 1807 2348 in-

447 2387 647 2442 telligere.
696 2385 791 2424 Tria
828 2383 1004 2438 quidem
1049 2382 1193 2422 adesse
1227 2395 1314 2421 non
1343 2395 1478 2437 nego,
1520 2380 1593 2420 sed
1623 2380 1807 2434 primum

445 2458 606 2513 pariter
638 2456 692 2495 ad
733 2454 968 2495 secundum
1010 2460 1049 2493 et
1083 2453 1137 2493 act
1169 2453 1338 2492 tertium
1375 2451 1642 2492 referendum
1672 2456 1802 2504 puto,

447 2535 492 2568 ut
525 2528 611 2568 duo
643 2525 862 2567 divinandi
893 2525 1027 2565 exitus
1059 2529 1467 2571 commemorentur3
1501 2520 1654 2561 etenim
1683 2520 1806 2559 flam-

445 2613 513 2638 ma
543 2599 607 2639 vel
639 2597 737 2638 coni
769 2597 901 2636 instar
931 2596 1082 2650 surgit,
1126 2595 1191 2635 vet
1223 2593 1429 2633 scinditur
1458 2590 1732 2645 flectiturque
1762 2590 1806 2630 in

443 2670 579 2709 varias
603 2674 768 2723 partes,
796 2668 966 2708 tertium
997 2673 1162 2715 autem,
1193 2668 1349 2724 ἔμπυροι
1370 2663 1514 2718 ἀκμαί,
1547 2675 1679 2716 quam
1705 2675 1804 2702 ven-

446 2739 574 2780 dibile
600 2739 650 2779 sit
675 2752 754 2794 pro
777 2739 899 2779 tertia
925 2737 1068 2792 specie
1094 2736 1267 2785 ostenti,
1292 2736 1382 2790 ipsa
1408 2732 1806 2788 interpretationun‘i
