2020 3326
601 224 1164 266 COMMENTARIUS.
1496 222 1576 263 137

209 365 283 406 sed
315 363 657 421 interpretando.
710 363 843 418 Mater
883 363 995 403 enim
1037 368 1181 403 monet
1221 362 1332 402 filios
1366 366 1412 401 ut
1443 360 1585 401 remit-

207 443 299 476 tant
331 437 436 476 alter
466 435 520 476 de
547 435 677 475 nimia
707 434 962 483 ambitione,
1000 434 1106 474 alter
1134 434 1186 473 de
1212 433 1343 473 nimia
1369 432 1586 473 vindictae

209 509 254 548 in
289 509 399 548 iusta
434 522 562 548 causa
606 507 869 562 cupiditate:
918 512 1153 561 utrumque
1192 505 1432 545 dementiae
1472 517 1584 553 esse3

208 580 281 621 ubi
311 587 454 620 autem
479 579 665 619 duorum
693 578 931 618 dementiae
958 577 1035 617 sibi
1063 577 1245 619 invicem
1273 577 1450 617 infestae
1475 576 1582 624 sint,

205 652 367 692 malum
392 665 501 700 esse,
544 675 602 680 —
636 647 991 704 tmyn'sse'mum?
1035 649 1156 689 haud
1187 648 1342 698 dubie3
1389 648 1463 688 scd
1502 646 1588 686 hoc

208 737 325 764 nunc
359 736 448 763 non
486 721 658 763 volebat
690 721 885 770 Iocasta,
926 734 1075 761 verum
1112 722 1506 768 inimicissimam,
1547 724 1588 758 et

210 808 367 851 pacem
395 794 464 836 vix
497 793 719 834 conciliari
748 807 882 848 posse.
924 796 1041 833 κακόν
1070 791 1146 832 hic
1174 792 1325 832 codem
1353 791 1484 831 modo
1517 791 1591 847 &IX--

212 868 347 909 θιστον
380 872 563 908 vocatur
599 879 688 920 quo
718 879 776 906 vs.
807 863 906 904 600.
938 864 1059 906 δειλὸν
1081 863 1145 905 καὶ
1169 863 1390 924 φιλόψυχον.
1428 862 1478 902 111
1507 861 1592 902 hac

215 946 359 979 autem
392 937 745 993 interpretatione
777 937 926 986 sumsi,
967 936 1089 992 quod
1127 950 1291 976 sumere
1323 933 1504 983 licebat,
1542 933 1591 981 εἰς

212 1011 340 1054 ταὺτα
371 1009 497 1067 μολεῖν
527 1009 580 1048 de
609 1008 817 1048 conflictu
850 1007 960 1056 dici,
997 1014 1042 1047 ut
1068 1007 1179 1047 infra
1212 1006 1335 1047 1410.
1370 1006 1420 1054 εἰς
1454 1004 1593 1047 ταύτὸν

214 1082 316 1129 ἧκον.
374 1082 496 1134 Quae
525 1080 731 1121 continuo
758 1085 964 1135 precatur
996 1078 1187 1125 Chorus,
1224 1077 1390 1118 tametsi
1421 1077 1591 1117 univer-

216 1169 308 1196 sum
339 1154 534 1194 locastae
565 1164 802 1192 sermonem
833 1157 1052 1205 spectant,
1086 1150 1310 1206 postremis
1341 1155 1483 1188 tamen
1511 1148 1593 1188 hu-

218 1228 283 1268 ius
313 1225 451 1268 verbis
482 1223 718 1279 praecpiue
748 1222 939 1276 aptanda
971 1228 1081 1261 sunt.

277 1298 377 1338 592.
430 1296 591 1355 περαίνει
624 1293 661 1336 δ’
684 1292 793 1335 οὐδὲν
827 1295 848 1339 ἡ
882 1294 1098 1353 προθυμία.
1152 1292 1341 1333 Discedit
1376 1292 1460 1332 hoc
1496 1291 1594 1330 loco

216 1370 412 1410 Klotzius
455 1383 480 1408 a
522 1368 652 1423 vulgo
697 1372 873 1421 recepta
919 1366 1299 1422 interpretatione,
1352 1364 1594 1417 vertitque:

217 1442 341 1483 nilzz‘l
362 1443 481 1481 enim
502 1438 693 1496 proficit
711 1443 923 1493 promtus
947 1453 1000 1478 ac
1018 1443 1219 1494 parolus
1247 1437 1310 1477 ad
1330 1449 1596 1491 componen-

216 1514 319 1554 dam
347 1513 471 1553 litem
498 1513 706 1552 animus:
740 1510 926 1550 Eteoclis
958 1510 1070 1550 enim
1102 1509 1339 1549 orationem
1370 1508 1507 1548 multo
1535 1507 1596 1546 fe-

217 1585 430 1625 rociorem
457 1597 543 1624 esse
572 1589 611 1623 et
641 1582 776 1638 magis
806 1582 1059 1621 universam.
1102 1581 1264 1623 Verum
1295 1580 1485 1619 neutrius
1513 1579 1598 1618 sra-

219 1664 333 1697 trum
364 1661 546 1711 apparet
578 1655 649 1694 illa
685 1654 907 1713 προθυμίαε
947 1653 1036 1693 sola
1068 1653 1236 1693 Iocasta
1268 1652 1384 1691 litem
1417 1663 1598 1706 compo-

219 1743 319 1770 nere
358 1727 516 1768 studet.
567 1725 858 1778 Quamobrem
891 1725 1086 1765 Eteocles
1119 1724 1183 1764 his
1216 1723 1355 1765 verbis
1389 1736 1477 1762 non
1509 1722 1599 1761 fra-

221 1807 329 1841 trem
368 1798 630 1854 alloquitur,
674 1797 749 1837 sed
787 1804 993 1846 matrem,
1041 1796 1097 1836 ad
1138 1810 1270 1850 quarn
1310 1795 1418 1834 hacc
1457 1794 1599 1833 omnia

222 1872 462 1927 pertinent,
502 1876 674 1926 praeter
710 1875 976 1925 postremum
1006 1882 1195 1917 versum,
1231 1866 1305 1906 ubi
1340 1865 1394 1905 ad
1425 1865 1598 1919 Polyni-

223 1957 317 1984 cem
346 1956 389 1982 se
422 1941 650 1983 convertit.

281 2013 380 2054 594.
437 2017 641 2072 σκήπτρων
672 2013 840 2071 κρατεῖν.
895 2011 1100 2051 Praetulit
1141 2009 1338 2049 Klotzius
1371 2007 1600 2047 lectionem

221 2092 431 2145 σκῆπτρα,
475 2085 682 2146 quoniam
713 2083 875 2137 requiri
909 2082 1116 2137 putabat:
1161 2086 1387 2135 sceptrum
1416 2085 1597 2127 lenere,

225 2172 313 2199 non
336 2157 513 2213 potiri:
550 2155 635 2195 hoc
666 2155 777 2194 enim
810 2154 1005 2193 docuisse
1036 2151 1401 2195 Valckenaerium
1427 2157 1467 2190 et
1493 2150 1601 2190 Mat-

226 2230 431 2269 thiaeum.
469 2227 565 2267 Non
597 2239 707 2282 nego
739 2228 893 2284 κρατεῖν
925 2241 959 2266 τι
990 2237 1157 2279 semper
1185 2236 1291 2262 esse:
1326 2221 1509 2277 aliquid
1535 2226 1600 2261 te-

227 2315 356 2349 nere,
407 2299 481 2340 sed
521 2304 688 2338 constat
727 2299 881 2356 κρατεῖν
913 2313 1008 2343 τινος
1048 2307 1377 2348 nonnumquam
1420 2292 1603 2333 eandem

227 2372 386 2414 habere
412 2376 668 2427 potestatem
696 2383 828 2424 quam
855 2369 994 2423 ipsum
1021 2366 1220 2406 Latinum
1240 2366 1391 2420 potiri
1415 2364 1444 2403 i.
1464 2378 1499 2404 e.
1533 2366 1603 2404 ita

221 2445 421 2500 potitum
458 2456 576 2491 esse,
625 2446 674 2481 ut
704 2446 883 2489 teneas,
920 2437 1173 2494 possideas.
1236 2436 1296 2475 Dc
1332 2436 1476 2476 multis
1518 2435 1604 2476 1100

226 2517 276 2556 sit
310 2514 553 2569 exemplum
582 2526 632 2552 ex
660 2511 817 2566 Suppl.
836 2511 935 2551 399.
967 2511 1021 2559 τίς
1046 2515 1116 2566 γῆς
1140 2508 1344 2567 τύραννος,
1366 2532 1423 2537 -—-
1445 2506 1483 2556 ὃς
1505 2523 1603 2566 κρα-

231 2589 291 2629 τεῖ
315 2585 487 2641 Κάδμον
522 2586 693 2642 χὲονός5
738 2597 817 2624 1100
849 2583 1028 2623 dubium
1057 2588 1117 2621 est
1148 2581 1255 2636 quin
1283 2580 1454 2624 Phoen,
1478 2578 1602 2620 1260.

232 2663 294 2701 νῦν
336 2658 545 2706 καλλίνικος
589 2658 781 2713 γενόμενος
826 2659 1030 2715 σκήπτρων
1073 2655 1226 2713 κρατεῖς
1258 2653 1329 2692 sit:
1376 2666 1496 2692 nunc
1533 2651 1607 2691 de-

234 2746 349 2771 mum
383 2736 490 2785 post
530 2731 647 2770 hanc
679 2730 918 2770 violer-iam
960 2741 1143 2783 regnam
1183 2720 1282 2766 sine
1325 2726 1610 2778 competitore
