2020 3326
611 234 1178 278 COMMENTARIUS.
1501 238 1586 279 217

210 376 349 416 lissent
380 373 702 430 interpretando
736 374 834 414 loc'o
860 374 904 414 in
936 388 1025 429 quo
1070 387 1149 430 ego
1183 374 1480 425 adhaererem,
1516 389 1589 416 ac-

216 447 437 502 quiescere
465 445 595 486 debui
612 445 654 484 in
671 444 900 485 Klotziana
919 445 1165 501 diligentia,
1198 447 1273 502 qni
1301 447 1501 487 nihilnisi
1529 447 1592 487 af-

219 519 299 558 fert
330 518 560 559 Scholion:
598 519 664 562 τὴν
696 516 841 572 αἰχμήν
874 519 940 562 τὴν
972 517 1107 560 ἑαυτοῦ
1140 517 1245 560 ἐκίνει
1277 520 1381 561 κατὰ
1417 523 1481 562 τοῦ
1503 520 1591 561 στό-

222 606 342 645 ματος
355 626 371 646 ‚
416 587 624 649 προλαβεῖν
656 588 809 644 θέλων,
841 588 926 648 πρίν
958 589 1202 650 καλυφθῆναι
1235 589 1421 639 δηλονότι.
1476 591 1594 631 Haec

218 662 464 702 satisfecisse
495 660 729 701 editoribus
758 661 858 702 inde
899 670 1081 718 apparet
1123 663 1244 718 quod
1277 677 1423 703 omnes
1461 663 1592 703 inter-

217 739 464 789 punxerunt
495 739 590 788 post
623 734 808 788 στόματιε
839 740 879 774 et
911 740 1053 775 tumen
1086 734 1233 791 λόγχην
1265 742 1397 791 νωμᾶν
1428 737 1591 791 στόματι

219 805 433 861 significat
460 804 640 845 hastam
660 819 735 845 ore
764 805 970 858 m‘brare;
1008 820 1087 862 ego
1114 806 1197 847 hoc
1225 822 1362 847 manu
1391 807 1483 847 fieri
1510 822 1594 863 pu-

219 875 378 917 tabam.
410 876 607 917 Dativum
633 877 795 932 στόματι
820 877 864 917 id
895 891 982 917 esse
1009 878 1130 933 quod
1161 880 1265 920 κατα
1287 883 1353 921 τοῦ
1375 880 1595 936 στόματος,

223 954 269 988 ut
300 954 476 988 narrant
507 947 792 997 Scholiastae,
829 962 915 989 non
946 949 1120 990 credam
1147 951 1234 991 sine
1266 951 1422 991 idoneo
1449 965 1591 991 exem-

220 1020 318 1075 plo,
363 1032 452 1074 quo
492 1025 661 1074 reperto
701 1026 843 1060 tamen
884 1020 1048 1076 rogabo
1101 1022 1322 1076 quomodo
1366 1023 1471 1062 alter
1511 1037 1594 1077 pu·

219 1090 441 1146 guantium
471 1091 659 1146 potuerit
692 1091 922 1131 collineare
948 1092 993 1131 in
1026 1107 1074 1132 os
1106 1093 1303 1142 alterius,
1340 1095 1460 1134 cuius
1498 1100 1592 1134 tan-

221 1168 312 1201 tum
354 1162 510 1202 oculus
552 1162 693 1217 clypei
736 1161 884 1202 orbem
928 1170 1171 1218 superaret:
1221 1178 1321 1204 nam
1366 1166 1596 1220 quominus

221 1237 328 1290 ὄμμα
361 1246 460 1273 cum
492 1233 731 1273 Scholiasta
762 1234 1048 1288 interpreteris
1077 1236 1306 1293 πρόσωπον,
1340 1242 1428 1276 tum
1458 1237 1594 1291 impe-

218 1306 280 1345 dit
320 1304 442 1360 quod
482 1318 570 1344 non
602 1318 774 1345 necesse
807 1311 897 1344 erat
940 1311 1072 1346 totam
1107 1307 1262 1347 faciem
1293 1307 1456 1348 vulneri
1487 1307 1595 1347 obii-

221 1390 344 1426 cere,
374 1383 464 1416 tum
491 1375 612 1431 quod
638 1375 755 1417 brevi
782 1382 878 1431 post
904 1376 1018 1417 idem
1046 1377 1204 1418 dicitur
1229 1379 1444 1437 ὀφθαλμός.
1477 1379 1596 1431 Quo-

218 1447 349 1488 modo
380 1447 464 1487 hoc
497 1447 687 1502 expediri
720 1448 852 1503 possit
894 1462 982 1488 non
1018 1448 1166 1499 video,
1209 1451 1287 1491 nisi
1331 1451 1596 1507 distinguen-

219 1519 276 1559 do
313 1525 410 1575 post
449 1517 577 1575 ἐνώμα
589 1554 605 1574 ,
647 1519 954 1575 iungendoque
995 1522 1160 1578 στόματι
1201 1525 1445 1582 προφθῆναι,
1498 1523 1524 1563 i.
1556 1537 1592 1563 e.

219 1591 404 1646 cuspide
436 1590 597 1631 hastae
629 1605 861 1646 occupare.
917 1591 967 1631 In
1008 1593 1184 1642 Iliade,
1222 1595 1315 1637 XV.
1344 1594 1442 1635 389.
1478 1595 1596 1635 conti

220 1662 425 1703 dicuntur
467 1663 572 1705 κατὰ
603 1666 732 1720 στόμα
763 1663 889 1720 εἱμένα
910 1663 1067 1720 χαλκῷ.
1100 1666 1258 1705 Paitim
1295 1679 1345 1706 eo
1380 1666 1594 1721 pertinent

220 1748 335 1791 quae
376 1735 559 1775 contulit
592 1735 806 1794 Reisigius
848 1736 904 1776 ad
945 1736 1081 1791 Soph.
1123 1736 1227 1778 Oecl.
1256 1736 1348 1780 Col.
1384 1736 1480 1779 791.
1524 1738 1594 1777 Est

219 1807 350 1862 igitur
385 1809 511 1863 στόμα
548 1810 815 1848 extremz‘las
855 1811 1109 1858 mucronis,
1155 1823 1243 1864 qua
1282 1810 1388 1849 alter
1425 1809 1598 1849 alterius

219 1878 396 1918 oculum
441 1879 507 1920 vel
559 1879 734 1919 omnino
786 1879 970 1920 frontem
1017 1886 1250 1920 exstantem
1292 1881 1415 1921 ferire
1460 1893 1593 1920 cona-

219 1948 361 1989 batur.

286 2017 397 2059 1402
422 2032 485 2073 sq.
531 2020 670 2076 γυμνὸν
701 2016 802 2076 ὦμον
835 2019 978 2069 εἷςιδὼν
1000 2046 1056 2052 --
1077 2023 1213 2082 στέρνα
1244 2022 1489 2071 Πολυνείκους
1521 2021 1593 2078 βίᾳ

222 2090 328 2135 διῆκε
361 2090 523 2146 λόγχην.
579 2091 776 2131 Klotzius
812 2091 920 2132 haec
959 2107 1059 2133 cum
1090 2093 1339 2134 Sclioliastis
1369 2095 1429 2135 sic
1461 2109 1591 2150 expe-

223 2162 351 2202 divit:
395 2162 446 2210 εἷς
483 2162 533 2203 τὰ
564 2163 701 2222 στέρνα
735 2161 866 2216 βιαίως
898 2163 940 2204 τὸ
971 2163 1066 2224 δόρυ
1096 2166 1285 2209 καθ-ἧκεν.
1330 2165 1386 2206 At
1416 2167 1590 2221 quales,

219 2247 407 2288 quaeso,
434 2233 477 2273 hi
505 2240 625 2274 erant
652 2235 936 2285 iaculatores,
968 2236 1044 2290 qui
1072 2237 1247 2276 oculum
1276 2237 1489 2277 nudatum
1513 2252 1591 2293 pe-

221 2304 392 2354 tebant,
429 2310 474 2344 ut
505 2305 678 2344 ferirent
705 2306 862 2345 rictum
888 2306 972 2346 oris
1000 2307 1154 2362 clypeo
1181 2314 1362 2348 tectum:
1394 2315 1484 2349 tum
1509 2309 1591 2350 hu-

217 2390 382 2416 merum
422 2375 658 2424 nudatum,
712 2382 758 2416 ut
798 2383 1073 2431 percuterent
1117 2385 1269 2434 pectus
1313 2379 1391 2419 sub
1436 2381 1590 2435 clypeo

217 2446 391 2487 tutum?
423 2447 618 2487 Klotzius
645 2461 793 2488 revera
820 2448 933 2488 idem
961 2449 1061 2489 fecit
1088 2450 1210 2504 quod
1233 2450 1588 2502 Valckenaerius‚

221 2517 326 2562 διῆκε
357 2518 595 2574 intelligens
626 2519 779 2558 volens
811 2521 1048 2569 traiicere,
1085 2535 1352 2576 quamquam
1380 2522 1470 2562 aliis
1496 2537 1589 2564 ver-

220 2590 306 2629 bis:
339 2590 522 2629 minatus
552 2590 663 2629 enim
694 2597 783 2630 erat
811 2591 1099 2631 Hermannus:
1138 2607 1274 2632 »nam
1310 2593 1432 2648 quod
1459 2594 1590 2637 Valc-

223 2661 448 2701 kenaerius
474 2668 739 2701 commentus
773 2668 860 2711 est,
894 2662 940 2702 id
974 2663 1032 2703 ita
1067 2670 1127 2703 est
1158 2664 1402 2714 inventum,
1436 2672 1481 2706 ut
1511 2667 1590 2707 isto

222 2732 351 2773 modo
392 2733 456 2774 vel
494 2731 793 2773 absurdissima
835 2735 1011 2789 quaevis
1052 2734 1222 2776 defendi
1254 2737 1457 2792 possint-'⁷
1505 2738 1591 2779 Ita-
