2020 3326
389 255 475 295 222
785 247 1351 290 COMMENTARIUS.

388 394 541 429 secuta
570 392 636 428 est
663 386 719 425 ad
745 386 887 424 locum
917 383 1179 430 certaminis,
1214 397 1272 423 vs.
1303 381 1425 423 1286.
1456 383 1624 424 dicens:
1656 386 1748 440 ἡγοῦ

389 460 435 501 σὺ
467 460 557 518 πρὸς
586 456 804 515 μεταίχμι’,
835 454 876 496 οὐ
899 453 1113 511 μελλητέον.
1153 472 1168 490 »
1187 454 1490 495 Diversissimas
1516 460 1657 494 autem
1685 456 1750 495 in-

389 538 449 570 ter
488 545 529 570 se
563 543 648 577 res,
695 527 824 567 modo
865 526 920 566 ad
957 540 1087 566 unam
1122 539 1294 566 causam
1328 526 1592 581 pertineant,
1632 527 1751 582 iungi

384 615 527 655 posse,
562 600 658 655 quis
684 598 876 654 negat?⁷'
918 597 983 638 Ita
1012 597 1221 637 Klotzius.
1256 597 1389 637 Nemo
1422 611 1545 646 sane,
1581 597 1612 637 si
1645 598 1750 638 bene

386 674 631 727 iungantur.
665 671 790 710 Nunc
821 683 946 720 vero,
976 683 1113 724 quum
1138 667 1204 710 σὺν
1224 669 1406 728 παρθένῳ
1427 667 1509 710 κτὲ.
1542 682 1627 708 non
1650 682 1751 723 pos-

385 743 435 782 sit
475 742 715 798 significare
757 755 838 796 ope
867 742 1065 796 virginis
1097 747 1177 781 cet.
1217 741 1412 795 sequitur
1448 740 1654 780 nuncium
1687 740 1751 780 ‹li-

387 827 503 862 cere,
540 814 751 853 Iocastam
784 812 1002 852 advenisse
1035 811 1338 852 comitantibus
1368 811 1528 867 virgine
1563 817 1604 851 et
1637 811 1749 851 celc-

387 886 508 925 ritate
538 885 683 940 pedis,
730 884 758 923 i.
787 898 824 923 e.
856 883 967 939 pede
1000 884 1147 923 celeri:
1192 885 1340 939 itaque
1382 889 1464 923 tres
1505 883 1752 923 festinanter

387 956 625 997 advenisse:
672 955 909 1003 Iocastam,
956 954 1236 1010 Antigonam,
1284 961 1324 995 et
1370 955 1550 994 celerem
1594 954 1750 1009 pedem

385 1028 591 1067 locastae.
641 1027 758 1066 Malis
794 1039 894 1066 sane
931 1025 1191 1082 Antigonam
1219 1039 1307 1066 non
1333 1025 1596 1066 intercedere
1627 1025 1752 1065 Ioca-

385 1105 472 1138 stae
498 1099 674 1153 eiusque
700 1097 802 1153 pedi
830 1095 1056 1137 celeril—
1084 1096 1262 1152 Scripsit
1287 1097 1363 1137 ista
1391 1096 1594 1151 pessimus
1622 1096 1751 1136 versi-

386 1170 564 1215 ficator,
611 1168 840 1208 Hermanni
885 1167 1043 1208 auxilio
1083 1167 1295 1223 indignus.
1350 1167 1470 1207 Idem
1509 1166 1750 1222 Antigonae

386 1241 643 1279 mentionem
672 1239 953 1279 necessariam
983 1239 1173 1294 putavit3
1216 1252 1444 1294 perperam
1473 1251 1593 1279 vero:
1632 1251 1750 1277 com-

388 1317 648 1350 memoratur
686 1310 797 1349 enim
838 1309 963 1349 huius
1004 1310 1231 1349 comitatus
1261 1323 1382 1358 mox,
1427 1323 1486 1350 vs.
1519 1308 1640 1349 1441.
1677 1307 1751 1348 ubi

386 1381 529 1421 nescio
556 1380 838 1435 quamobrem
860 1380 1056 1419 nonnulli
1083 1379 1341 1434 Interpretes
1365 1379 1751 1435 obtemperaverint

390 1451 742 1507 Scholiastae'sic
773 1451 950 1505 pessime
981 1450 1234 1504 explicanti:
1266 1454 1509 1506 συμπονοῦσα
1541 1449 1604 1490 καὶ
1635 1465 1751 1491 euvot-

389 1524 614 1579 γωνιζομένή
657 1522 755 1578 αὐτῇ
788 1521 880 1581 πρὸς
913 1521 954 1562 τὸ
987 1521 1139 1563 κλαίειν.
1196 1522 1286 1562 Iam
1324 1524 1422 1562 satis
1467 1521 1674 1561 audacter
1710 1527 1751 1560 et

388 1595 474 1634 fere
515 1594 679 1633 comice
723 1607 747 1633 a
793 1594 924 1633 milite
969 1594 1220 1653 παρασπίζειν
1261 1594 1419 1634 dicitur
1451 1593 1594 1647 virg0‚
1639 1605 1752 1646 quac

388 1672 565 1706 matrem
599 1665 828 1705 comitatur
857 1665 1034 1719 eiusque
1064 1666 1185 1705 lateri
1218 1665 1355 1705 adstat
1386 1664 1451 1705 vel
1483 1664 1677 1712 adiacet,
1710 1669 1750 1702 et

388 1737 454 1777 vix
486 1750 536 1776 eo
568 1736 859 1779 excusandum
891 1736 1012 1790 quod
1042 1737 1086 1776 in
1120 1724 1261 1777 medio
1292 1736 1392 1776 belli
1431 1735 1616 1775 tumultu
1655 1747 1748 1774 ver-

387 1815 546 1848 santur.
592 1808 677 1848 Fac
719 1807 924 1862 virginem
966 1807 1112 1847 matris
1141 1807 1463 1848 lamentationes
1502 1806 1547 1845 in
1586 1818 1749 1845 summo

387 1880 534 1919 dolore
566 1879 867 1926 comitantem,
907 1884 1128 1933 tamquam
1158 1879 1247 1919 eius
1277 1880 1574 1933 armigeram,
1618 1882 1658 1916 et
1690 1876 1746 1915 ri-

388 1965 480 1991 sum
506 1957 623 1999 tene,
656 1951 688 1989 si
714 1948 856 2004 potes!
887 1949 1010 2006 Ὁμοῦ
1036 1963 1122 1990 non
1147 1950 1328 2005 pertinet
1355 1949 1409 1989 ad
1432 1947 1748 2008 παρασπίζουσα,

390 2022 462 2062 sed
500 2022 636 2076 repeti
678 2021 888 2061 desiderat
924 2020 1079 2078 ᾤμωξεν
1121 2035 1171 2060 ex
1213 2021 1481 2076 praegressis.
1540 2020 1632 2061 Hoc
1662 2031 1750 2058 non

389 2093 563 2132 difficile
593 2098 681 2131 erat
708 2092 896 2133 inventu,
935 2093 1069 2132 Mater
1099 2091 1308 2133 eiulabat:
1338 2089 1369 2133 ὦ
1401 2092 1603 2139 τέκνα-,
1632 2090 1745 2130 filia:

390 2161 420 2205 ὦ
451 2162 769 2223 γηροβοσκὼ-τ
806 2163 1045 2218 ambaeque
1076 2163 1152 2204 has
1183 2164 1505 2204 lamentationes
1536 2162 1619 2202 una
1651 2174 1751 2217 pro-

389 2236 584 2275 nuntiare
616 2240 656 2274 et
686 2234 862 2274 miscere
893 2235 1110 2275 dicuntur.

455 2306 576 2347 1444.
628 2305 765 2364 φύσημ’
798 2304 895 2354 ἀνεὶς
933 2305 1153 2355 ἃύςτλητον.
1209 2306 1413 2348 Veterum
1446 2303 1751 2359 explicationes

391 2385 507 2419 sunt:
549 2378 851 2438 ὃυρκαρτέρητον
865 2415 881 2434 ,
917 2378 1099 2434 δυςτυχές
1113 2413 1129 2434 ‚
1161 2377 1464 2425 ὃυςέκπνευστον.
1509 2375 1602 2415 Hoc
1632 2380 1750 2429 post-

391 2463 553 2489 remum
584 2450 871 2500 Hermannus‚
915 2450 1161 2506 praesertim
1192 2449 1249 2489 ob
1290 2448 1535 2489 varietatem
1574 2446 1618 2485 in
1644 2445 1753 2486 Ven-

394 2534 431 2559 a.
475 2520 709 2576 ὃύςθνητου,
751 2521 880 2562 habet
921 2535 1000 2577 pro
1041 2520 1201 2560 indicio
1238 2532 1362 2560 verae
1389 2518 1627 2572 scripturae
1658 2514 1749 2562 δυς-

392 2592 576 2635 &vio-nov:
609 2592 729 2647 quod
758 2592 1018 2633 vocabulum
1046 2591 1239 2631 nondum
1270 2589 1366 2629 satis
1395 2588 1605 2628 munitum
1634 2585 1750 2627 vide-

394 2668 462 2701 tur
493 2663 745 2703 auctoritate
769 2663 980 2704 Electrae
1004 2661 1218 2717 Euripidis
1241 2659 1340 2700 842.
1372 2658 1445 2699 ubi
1471 2658 1616 2697 saltem
1638 2660 1751 2710 σῶμα

396 2732 629 2780 ὃυςθνῆσκον
668 2740 847 2775 vocatur
887 2735 974 2774 eius
1004 2734 1125 2774 cuius
1155 2730 1343 2772 membra
1376 2728 1614 2784 palpitant,
1654 2726 1749 2780 qui-
