2020 3326
671 230 1238 284 COMMENTARIUS.
1590 239 1648 280 89

482 366 682 424 αὔδασον,
723 365 755 410 ὦ
786 370 912 430 γεραιέ
924 405 941 426 ,
983 371 1038 419 τίς
1070 371 1328 430 ὀνομάζεται5

273 437 338 478 Ita
374 436 485 479 haec
523 440 721 480 feruntur
757 442 802 481 in
831 442 948 482 libris
978 444 1162 498 scriptis,
1203 452 1375 501 praeter
1405 446 1541 488 levem
1571 462 1646 491 va-

268 509 462 550 rietatem
496 511 540 551 in
571 512 835 552 Florentinis.
883 514 1004 565 Quae
1038 522 1180 555 autem
1213 517 1265 557 de
1300 517 1384 558 hoc
1412 519 1510 560 loco
1534 534 1649 561 com-

272 588 486 622 mentatus
511 588 571 622 est
594 583 883 634 Hermannus,
916 585 1130 626 describo:
1166 605 1181 624 «
1200 588 1352 629 Mirum
1374 604 1494 635 vero,
1524 593 1646 648 quod

272 653 518 708 suspicaces
574 654 636 694 illi
696 655 1014 711 [significantur
1069 658 1230 699 scilicet
1283 660 1645 714 Valckenaerius,

269 723 505 774 Porsonus,
534 725 801 777 Brunckius,
823 729 1068 769 Hermanno
1099 731 1237 771 minus
1263 734 1549 790 suspicaces]‚
1575 737 1651 791 qui

267 794 405 835 bonos
439 810 582 837 versus
622 797 678 838 ob
706 799 936 840 levissimas
975 815 1126 842 causas
1165 803 1448 855 damnarunt,
1490 806 1574 847 1100
1604 808 1649 848 in

269 867 459 908 carmine
498 882 641 924 neque
677 869 774 917 1110,
821 885 903 912 nec
947 887 1003 914 vs.
1046 873 1139 914 148.
1175 875 1253 915 isto
1294 875 1464 935 λοχαγός
1497 878 1647 919 offensi

269 944 390 988 sunt,
428 940 550 994 quod
580 947 665 980 tam
698 942 891 998 ineptum
923 951 1005 994 est,
1053 952 1099 985 ut
1126 947 1192 987 vel
1222 949 1535 1003 stupidissimus
1565 950 1646 991 ho-

267 1022 338 1049 mo
374 1010 540 1066 aliquid
573 1013 714 1066 aptius
747 1027 1026 1069 responsurus
1057 1017 1213 1058 fuerit.-
1240 1019 1463 1061 Praeterea
1495 1022 1641 1072 facile,

269 1080 425 1130 credo,
470 1082 609 1137 quivis
657 1085 809 1125 sentiat
845 1087 969 1126 nimis
1009 1089 1115 1127 exile
1148 1090 1348 1145 iustoque
1377 1092 1548 1133 brevius
1579 1108 1644 1134 es-

267 1166 330 1199 se,
377 1154 499 1208 quod
531 1154 811 1212 Paedagogus
848 1158 975 1207 dicit,
1018 1159 1104 1201 ἀλλ’
1138 1161 1264 1221 εἱςόρα
1296 1163 1359 1204 τὸν
1391 1169 1572 1224 πρῶτον,
1613 1167 1645 1207 εἰ

267 1223 393 1279 βούλει
425 1227 582 1282 μαθεῖν.
629 1227 828 1268 Neutrius
854 1230 942 1270 vitii
965 1231 1212 1287 Euripides,
1244 1234 1318 1274 sed
1343 1234 1541 1276 librarius
1566 1238 1644 1278 ali-

266 1298 363 1352 quis
389 1311 485 1337 reus
514 1298 614 1347 suit,
650 1299 726 1353 qui
753 1314 890 1354 quum
922 1301 1038 1342 hunc
1073 1317 1240 1344 versum
1266 1305 1465 1363 λοχαγὸν,
1497 1304 1528 1349 ὦ
1550 1307 1643 1351 δέσ-

265 1385 403 1425 ποινα,
447 1370 502 1418 τίς
536 1371 656 1412 πόθεν
689 1373 841 1428 γεγώς,
884 1387 963 1428 per
999 1388 1185 1416 errorem
1222 1379 1422 1419 omissum
1454 1381 1498 1420 in
1527 1395 1643 1421 mar-

265 1442 362 1497 gine
401 1441 655 1497 scripsisset,
702 1444 809 1483 alius
841 1458 938 1501 eum
970 1446 1109 1487 alieno
1140 1448 1239 1489 loco
1269 1452 1434 1505 posuit,
1475 1451 1645 1510 λοχαγόν

263 1513 307 1553 in
338 1513 508 1570 λοχαγός
538 1521 723 1555 mutans.
765 1515 1046 1573 Paedagogus
1076 1519 1135 1559 ita
1168 1519 1356 1562 dixerat:

409 1585 497 1628 ἀλλ’
530 1587 655 1647 εἶςόρα
687 1587 750 1630 τὸν
782 1593 933 1648 πρῶτον
966 1591 998 1631 εἰ
1033 1589 1159 1646 βούλει
1191 1594 1336 1649 μαθεῖν

410 1658 580 1716 λοχαγὸν
592 1695 609 1715 ,
650 1656 681 1701 ὦ
713 1659 893 1703 δέσποινα
908 1697 923 1717 ,
966 1664 1022 1712 τίς
1054 1665 1173 1706 πόθεν
1209 1667 1379 1722 γεγώς.”

263 1729 539 1786 Transposita
582 1731 636 1771 ab
672 1732 918 1774 Hermanno
950 1735 1079 1776 verba
1112 1738 1144 1776 si
1175 1744 1292 1778 recte
1318 1740 1535 1796 intelligo,
1584 1742 1639 1781 si-

259 1801 491 1857 gnificant:
538 1803 625 1845 ἀλλ’
671 1804 796 1865 εἰςόρα
838 1804 877 1847 ’ὸν
918 1812 1070 1867 πρῶτον
1102 1808 1273 1866 λοχαγὸν
1306 1809 1431 1865 βούλει
1463 1814 1636 1870 μαθεῖν,

262 1874 318 1922 τίς
332 1908 347 1929 ,
391 1875 511 1917 πόθεν
543 1877 688 1933 γεγώςε
746 1878 789 1917 in
844 1893 932 1934 qua
975 1882 1296 1922 constructione
1344 1897 1424 1939 pro
1467 1886 1639 1939 partici-

258 1946 333 2000 pio
383 1949 506 2002 γεγώς
565 1948 832 2003 (praesertim
884 1951 1125 1992 fluctuante
1169 1954 1356 1994 lectione
1410 1956 1454 1995 in
1503 1957 1633 1997 codd.

259 2015 391 2072 Flor.)
410 2049 419 2066 ,
451 2019 572 2058 malis
602 2023 743 2079 πάρα,
778 2022 841 2062 vel
874 2022 992 2062 aliud
1019 2023 1196 2064 verbum
1223 2025 1412 2066 finitum:
1448 2034 1521 2067 aut
1552 2035 1637 2068 ter-

258 2088 318 2127 tio
368 2102 491 2129 versu
540 2092 785 2146 suppletam
829 2092 1072 2134 huiusmodi
1129 2098 1405 2138 sententiam:
1459 2099 1634 2155 dispice

257 2174 387 2215 quem
408 2163 612 2215 primum
643 2163 796 2203 (lucem
828 2178 1094 2219 cognoscere
1125 2169 1226 2216 vis,
1269 2171 1374 2223 quis
1406 2171 1524 2211 unde
1554 2172 1632 2212 do-

258 2245 327 2270 mo
358 2231 444 2272 leue
481 2235 659 2273 venerit
677 2265 686 2283 ,
734 2240 786 2274 ut
803 2234 1012 2289 fratrem
1043 2243 1168 2278 tuum
1198 2241 1248 2279 z'n
1286 2255 1473 2297 regnum
1504 2246 1633 2284 resti-

254 2307 369 2342 tuat.
419 2304 585 2344 Etenim
615 2311 661 2344 ut
692 2312 809 2345 recte
847 2314 1024 2362 rogatur
1064 2311 1184 2351 οἶσθ-α
1228 2312 1283 2359 τίς
1316 2312 1334 2352 ὁ
1376 2314 1501 2373 ανήρ,·
1544 2315 1626 2365 ita,

253 2380 419 2415 mutata
450 2374 503 2414 de
532 2389 651 2416 more
682 2379 1023 2428 constructione,
1067 2382 1206 2422 minus
1236 2390 1376 2424 recte:
1415 2386 1535 2428 οἶσθα
1566 2387 1630 2430 τὸν

256 2444 415 2507 ἄνδρα,
458 2448 543 2502 τίς;
585 2448 718 2488 Porro
759 2449 1025 2491 Hermannus
1071 2454 1267 2508 queritur
1307 2456 1482 2513 vulgata
1531 2459 1632 2500 Pae-

256 2517 414 2574 dagogi
444 2519 598 2560 verba:
631 2519 720 2561 ἀλλ’
752 2521 876 2582 εἰςόρα
899 2547 956 2552 —
977 2525 1120 2580 μαθεῖν
1152 2526 1262 2567 iusto
1295 2527 1492 2570 breviora
1525 2544 1626 2572 esse.
1656 2518 1660 2522 ὁ

255 2589 351 2630 Non
385 2590 514 2646 plane
542 2605 676 2647 nego.;
717 2606 886 2642 verum,
917 2596 992 2634 etsi
1022 2610 1108 2637 non
1142 2604 1288 2652 aperte
1322 2599 1487 2641 dictum
1516 2602 1624 2652 fuit,

253 2661 516 2717 Antigonam
557 2677 607 2703 eo
647 2665 823 2705 consilio
865 2672 1028 2707 tectum
1070 2670 1366 2727 conscendisse
1408 2679 1454 2712 ut
1493 2673 1628 2714 duces

256 2732 511 2788 Argivorum
556 2743 858 2793 cognosceret,
912 2745 1052 2780 tamen
1093 2741 1138 2781 id
1181 2756 1259 2797 per
1307 2758 1348 2785 se
1378 2745 1629 2801 intelligitur
