2020 3326
346 223 369 247 x
807 203 1253 245 PRAEFATIO.

347 350 387 383 et
427 341 923 398 Constantinopolitanae
962 340 1222 395 sapientiae,
1264 353 1352 380 non
1384 341 1527 381 omnia
1558 341 1708 381 eodem

344 435 534 484 tempore
576 440 718 482 neque
761 425 815 465 ab
860 425 1011 465 eodem
1051 425 1284 481 adscripta.
1342 426 1438 466 Alia
1477 439 1542 466 res
1576 428 1709 467 estin

341 512 601 561 Troadibus,
633 524 746 566 quae
788 509 842 550 ab
883 509 1034 550 eodem
1069 510 1242 551 librario
1272 511 1346 551 sed
1378 511 1461 552 alio
1492 518 1703 568 tempore,

343 604 387 638 ut
418 612 468 637 ex
509 595 732 637 atramenti
762 596 906 635 colore
939 602 1146 651 apparet,
1180 610 1231 636 ex
1260 596 1343 637 alio
1374 596 1527 638 codice
1559 596 1705 637 addita

339 689 422 723 est:
463 682 624 722 scholia
651 681 794 721 omnia
834 687 931 721 sunt
959 694 982 721 a
1026 682 1164 736 prima
1199 696 1330 723 manu
1368 682 1518 723 ordine
1549 689 1589 722 et
1621 683 1707 723 ele-

338 773 487 824 ganter
523 767 713 822 adpicta.
765 765 918 806 Statim
947 767 1135 807 intellexi
1176 781 1243 808 me
1294 782 1344 808 ex
1375 768 1708 824 magistellorum

336 855 459 907 nugis
489 852 714 892 emersisse.
771 851 907 893 Video
938 851 1102 893 scholia
1143 853 1421 908 antiquorum
1450 852 1705 894 Grammati-

337 951 487 978 corum
524 937 663 977 bonae
700 938 832 993 frugis
861 944 901 978 et
933 938 1158 993 perdocta.
1224 938 1456 980 Considero
1487 941 1701 980 attentius.

337 1023 536 1080 Compei-i
566 1024 715 1064 eadem
739 1037 843 1073 esse,
875 1038 990 1080 quae
1012 1025 1055 1065 in
1081 1025 1294 1067 Vaticano
1321 1038 1576 1080 repereram.
1612 1024 1707 1065 Non

335 1116 395 1150 est
421 1123 549 1151 ovum
574 1123 657 1151 ovo
684 1110 879 1150 similius:
909 1110 1035 1150 etiam
1062 1111 1105 1150 in
1133 1110 1347 1151 levissimis
1372 1109 1588 1151 erroribus
1612 1110 1705 1165 ple-

334 1209 519 1251 rumque
559 1195 880 1252 conspirabant.
935 1195 1186 1236 Accedebat
1217 1196 1386 1236 titulus:
1425 1195 1702 1256 Ἀρις-οφοὶνους

333 1285 611 1339 γραμματικοῦ
635 1281 775 1338 σχόλια
804 1281 853 1329 εἰς
881 1281 922 1324 τὸ
948 1280 1089 1343 δρᾶμα
1119 1287 1195 1324 τῶν
1223 1286 1289 1324 τοῦ
1315 1281 1526 1341 Εὐριπίδου
1552 1283 1696 1343 Τρῳά-

333 1367 442 1424 δων,
468 1368 582 1409 unde
612 1367 696 1409 hoc
727 1368 874 1408 saltem
903 1368 1061 1409 confici
1088 1375 1246 1424 potest,
1276 1368 1442 1409 subesse
1469 1369 1582 1409 iniis
1608 1369 1705 1409 reli-

335 1455 459 1510 quias
515 1455 920 1495 commentariorum
964 1455 1286 1510 Aristophanis,
1344 1454 1503 1510 quibus
1546 1455 1702 1495 deinde

334 1540 506 1581 aliunde
547 1541 630 1581 alia
683 1541 763 1580 sint
804 1541 1059 1581 intermixta.
1105 1540 1275 1581 Contuli
1307 1541 1469 1596 optima
1500 1554 1703 1596 quaeque

331 1640 431 1667 cum
460 1627 509 1666 iis
525 1640 638 1682 quae
667 1640 717 1666 ex
749 1624 958 1669 Vaticano
978 1626 1303 1682 descripseram:
1341 1626 1479 1667 adieci
1509 1627 1696 1667 nonnul-

332 1712 400 1761 la,
444 1726 557 1768 quae
596 1713 640 1753 in
670 1712 754 1752 hoe
784 1711 975 1768 expediri
1006 1726 1095 1753 non
1126 1719 1370 1768 potuerant.
1425 1711 1599 1753 Scilicet
1632 1726 1700 1753 ar-

333 1797 467 1838 duum
504 1811 614 1854 opus
655 1805 745 1838 erat
770 1787 825 1838 'in
860 1798 1078 1839 Marciano
1116 1799 1276 1854 pariter
1316 1805 1356 1838 et
1394 1798 1607 1841 Vaticano
1636 1804 1698 1838 te-

329 1884 572 1924 nuissimam
595 1885 871 1940 scripturam,
907 1898 1034 1940 saepe
1060 1884 1237 1925 madore
1267 1891 1308 1925 et
1334 1885 1414 1925 situ
1442 1883 1692 1933 evanidam,

331 1970 550 2010 extricare.
598 1970 648 2010 Et
688 1970 741 2010 de
767 1970 979 2013 Vaticano
1008 1970 1184 2026 quidem
1215 1972 1274 2010 sic
1311 1969 1457 2011 scribit
1484 1970 1692 2025 Hierony-

330 2070 422 2095 mus
450 2055 618 2096 Amati:
664 2055 897 2097 »ffIonz'los
931 2056 1088 2096 vellem.
1123 2058 1247 2096 viros
1288 2055 1594 2105 doctissimos,
1638 2057 1701 2096 acl

330 2156 441 2196 quos
486 2141 569 2182 leae
602 2141 790 2182 schedae
828 2147 1013 2182 nostrae
1040 2144 1333 2197 pervenient,
1381 2141 1555 2182 selzolz'a
1599 2145 1693 2182 ista

334 2227 443 2267 adeo
488 2229 701 2276 minutis,
740 2227 1052 2283 deficientibus
1087 2232 1129 2267 et
1162 2227 1369 2268 evam'clz's
1401 2227 1552 2268 literis
1582 2231 1695 2267 scri-

323 2319 409 2368 pta
441 2327 560 2362 esse,
603 2318 653 2353 ut
676 2313 998 2369 palaeophz‘los
1030 2316 1316 2369 superiorum
1349 2327 1402 2353 ac
1433 2318 1692 2353 nostrorum

331 2403 576 2452 temporum
605 2398 954 2439 deterruerc'nt.'’
1004 2398 1127 2439 Peius
1166 2399 1293 2439 etiam
1320 2398 1476 2454 passim
1520 2397 1692 2438 habitus

334 2488 394 2522 est
422 2482 682 2533 Marcianus,
721 2485 766 2525 in
795 2498 884 2540 quo
916 2485 1084 2541 saepius
1113 2485 1295 2541 repetito
1325 2490 1485 2524 conatu
1519 2484 1692 2525 tandem

334 2581 476 2622 pauca
502 2568 718 2623 expedivi,
749 2569 803 2610 de
829 2570 986 2625 quibus
1012 2570 1178 2611 dudum
1205 2569 1540 2625 desperaveram.
1565 2569 1693 2609 Prae-

336 2659 470 2701 terea,
512 2660 557 2693 ut
588 2653 678 2694 fieri
701 2655 802 2696 solet
835 2657 876 2697 in
906 2656 1075 2697 scholiis
1095 2686 1106 2704 ,
1145 2669 1258 2711 quae
1288 2655 1330 2696 in
1360 2656 1598 2711 marginum
1619 2670 1693 2697 an-
