2020 3326
616 253 1180 296 COMMENTARIUS.
1497 256 1576 297 241

216 389 333 441 ἅναξ.
378 392 532 431 Annon
560 390 666 431 haec
696 391 932 447 plenissima
959 394 1175 448 responsio
1200 394 1291 435 est?
1323 394 1431 434 Dicit
1462 408 1575 449 quac

216 465 290 513 sit,
325 470 365 504 et
392 464 513 504 cuius
544 477 673 504 uxor:
708 478 861 520 nempe
888 464 1094 520 principis
1125 465 1245 507 ducis
1278 466 1571 522 expeditionis.

219 534 363 576 Palam
403 542 491 576 erat
530 549 624 576 eam
666 536 809 576 adesse
854 542 899 576 ut
937 539 1135 578 maritum
1178 539 1448 586 conveniret,
1493 553 1573 579 nec

215 607 425 648 Achillem
475 607 657 647 decebat
696 621 827 663 porro
869 608 1129 664 interrogare
1175 610 1296 650 cuius
1340 611 1399 651 rei
1446 624 1574 651 causa

215 680 353 735 ipsum
395 679 552 720 adiret:
599 680 747 734 itaque
786 679 885 719 inde
934 686 1099 721 tantum
1145 681 1283 732 abest,
1339 689 1385 722 ut
1431 683 1570 723 dicat:

215 752 341 800 καλῶς
380 750 513 801 ἔλεξας
544 750 580 793 ἐν
611 750 763 812 βραχεῖ
789 753 838 793 τὰ
870 753 1012 812 καίρια.
1060 754 1191 794 Ionis
1226 769 1284 795 vs.
1317 754 1404 795 258
1432 769 1495 810 sq.
1532 762 1572 795 et

215 824 390 865 Herael.
408 825 509 866 257.
533 825 656 866 velim
681 824 964 866 Firnhaberus
987 827 1139 866 iterum
1162 828 1421 882 perpendat:
1450 841 1574 883 prae-

214 903 328 937 tereo
359 897 502 945 locos,
536 896 608 936 ubi
638 903 753 937 recte
790 904 933 938 monet
969 899 1217 953 interrogari
1249 913 1574 955 nonnumquam

214 983 314 1010 cum
344 969 666 1025 obiurgatione,
706 970 760 1010 ad
790 984 903 1027 quae
936 971 1043 1011 alter
1072 984 1152 1012 nee
1179 971 1460 1027 respondeat,
1493 986 1573 1012 nec

213 1045 469 1101 respondere
509 1051 663 1100 queat3
716 1045 823 1100 quid
865 1060 965 1087 vero
1007 1046 1113 1086 haec
1154 1046 1209 1087 ad
1250 1046 1570 1088 Phoenissam?

214 1117 351 1158 Creon
381 1118 491 1158 enim
523 1117 709 1157 habebat
734 1118 887 1158 iustam
923 1119 1163 1174 expellendi
1193 1118 1345 1174 Oedipi
1380 1133 1569 1160 causam.

214 1189 390 1230 Labitur
415 1189 698 1230 Firnhaberus
724 1189 767 1229 in
794 1190 841 1229 iis
868 1204 1045 1245 quoque
1071 1189 1472 1246 interrogationibus
1502 1205 1574 1231 ex-

214 1261 456 1317 plicandis,
500 1275 613 1316 quae
653 1261 925 1316 responsione
968 1275 1056 1301 non
1095 1261 1310 1317 indigent:
1356 1262 1486 1302 veluti
1531 1263 1575 1303 in
1623 1298 1625 1302 Α

214 1332 349 1373 Herc.
371 1332 478 1373 Far.
507 1333 603 1374 712.
642 1338 764 1388 rogat
806 1332 946 1387 Lycus
982 1332 1055 1372 ubi
1095 1333 1145 1373 sit
1176 1333 1373 1389 Megara,
1420 1333 1494 1373 ubi
1526 1334 1576 1374 li-

211 1404 301 1445 beri
334 1403 559 1444 Herculis?
605 1403 787 1446 Videtur
816 1403 1075 1459 Amphitruo
1107 1404 1163 1444 ad
1193 1405 1379 1460 priorem
1409 1411 1577 1446 tantum

213 1476 505 1532 quaestionem
528 1476 802 1531 respondere:
831 1490 976 1517 revera
998 1477 1169 1532 utrique
1194 1477 1414 1518 satisfacit:
1441 1492 1578 1533 quaea

209 1549 288 1589 stio
329 1548 440 1588 enim
480 1548 631 1589 eadem
671 1555 731 1588 est
771 1562 870 1588 cum
910 1548 1016 1589 hac:
1062 1548 1135 1590 ubi
1169 1555 1229 1589 est
1260 1549 1429 1605 Megara
1472 1564 1572 1590 cum

211 1625 351 1666 liberis
389 1625 613 1666 Herculis?
653 1631 693 1665 et
735 1624 793 1665 sic
832 1638 985 1680 porro3
1026 1624 1220 1680 nihilque
1258 1625 1380 1666 video
1421 1626 1463 1665 in
1502 1626 1574 1667 illa

212 1698 386 1753 copiosa
418 1697 615 1753 congerie
645 1697 964 1752 exemplorum,
998 1697 1119 1752 quod
1148 1711 1314 1738 versum
1345 1697 1571 1739 Phoenis-

209 1784 363 1810 sarum
386 1769 617 1826 genuinum
647 1783 732 1809 esse
762 1768 897 1824 probe
923 1768 1195 1809 demonstret.
1230 1769 1315 1809 Sed
1341 1769 1401 1809 illi
1432 1769 1570 1810 labori

212 1842 487 1899 supersedere
530 1848 699 1897 poterat
745 1840 1054 1890 Firnhaberus‚
1114 1841 1244 1881 modo
1301 1842 1572 1897 quaesivisset

211 1928 266 1954 an
294 1921 410 1954 recte
435 1915 664 1970 interroget
691 1913 925 1969 Antigone:
958 1919 1048 1953 tum
1074 1913 1181 1968 quid
1205 1913 1462 1969 respondere
1493 1914 1570 1954 de-

210 1985 310 2026 beat
342 1984 501 2033 Creon,
533 1985 564 2025 si
595 1985 756 2040 sapiat:
789 1998 967 2040 nempe:
1005 1984 1126 2026 »Cur
1150 1999 1277 2041 rogas
1296 1999 1386 2034 me,
1420 1986 1570 2027 stulta:

212 2058 253 2100 τί
278 2057 408 2115 πατέρ’
440 2055 635 2117 ὓβρι’ζεις,·
669 2070 811 2096 annon
841 2056 971 2096 modo
1002 2056 1121 2098 vobis
1152 2057 1238 2097 dixi
1270 2057 1469 2097 divinitus
1500 2073 1573 2098 ur-

210 2130 254 2170 bi
284 2130 517 2186 perniciem
549 2129 785 2177 imminere,
819 2128 852 2168 si
879 2127 1069 2183 Oedipus
1098 2128 1141 2169 in
1173 2142 1221 2168 ea
1250 2129 1469 2170 moretur?
1497 2144 1572 2171 an-

209 2216 295 2242 non
324 2201 562 2257 perspicuis
602 2199 739 2240 verbis
773 2199 910 2240 adieci
954 2199 1087 2255 (1596
1117 2199 1230 2255 sq.):
1275 2199 1339 2241 καὶ
1372 2199 1464 2242 τάδ’
1497 2201 1571 2258 οὐχ

211 2272 315 2334 ὕβρει
345 2274 472 2330 λέγω,
514 2272 596 2315 οὐδ’
629 2272 772 2333 ἐχθρὸς
802 2276 853 2315 ὤν
883 2272 969 2313 coi?
1021 2272 1111 2312 Iam
1151 2273 1249 2312 satis
1295 2274 1570 2328 querelarum

211 2353 335 2402 pater
367 2353 463 2387 tuus
491 2346 663 2394 effudit,
703 2359 755 2385 ne
787 2352 858 2385 tua
888 2345 1022 2401 gratia
1056 2344 1172 2384 dicta
1203 2346 1436 2400 repetam.''
1481 2346 1570 2388 Re-

212 2418 440 2475 spondebit
479 2419 653 2459 fortasse
696 2417 1000 2466 Firnhaberus,
1042 2417 1216 2457 Poetam
1255 2416 1361 2457 haec
1395 2420 1573 2459 comiter

210 2491 457 2532 reticentem
497 2490 643 2530 fecisse
683 2489 920 2530 Creontem.
976 2488 1190 2529 Admitto:
1248 2503 1302 2529 an
1339 2497 1566 2545 propterea

208 2563 347 2604 minus
376 2562 510 2603 otiosa
540 2568 600 2602 est
630 2562 925 2618 importunitas
950 2560 1219 2616 Antigonae?
1264 2561 1394 2601 Multo
1428 2563 1570 2618 aptius

211 2635 382 2685 eadem,
427 2649 485 2676 vs.
521 2633 642 2675 1659.
686 2635 727 2676 τί
761 2633 1062 2690 πλημμελήσας,
1108 2633 1149 2675 τὸ
1190 2633 1296 2692 μέρος
1336 2633 1367 2674 εἷ
1397 2634 1567 2690 μετῆλθε

210 2713 306 2764 2153,-
350 2706 404 2747 ad
443 2720 556 2762 quae
595 2706 765 2746 demum
805 2705 942 2746 Creon
980 2705 1083 2745 nihil
1128 2705 1205 2745 nisi
1233 2706 1335 2746 ‘hoc
1376 2708 1566 2762 reponit:

214 2783 357 2840 ἄταφος
388 2777 444 2820 ὅδ’
467 2780 580 2837 ἀνὴρ,
612 2779 661 2827 ὡς
683 2779 838 2836 μάθῃς,
870 2782 1081 2835 γενήσεται.
1121 2777 1249 2829 Quod
1273 2778 1466 2819 Klotzius
1492 2794 1571 2836 Ῑιῑιἶ

1283 2848 1344 2895 16
