2020 3326
285 214 339 258 78
692 205 1252 248 COMMENTARIUS.

284 349 397 406 gavit
428 347 634 389 Klotzius.
677 343 904 384 Probabile
943 342 1055 381 enim
1094 354 1181 380 non
1216 346 1277 380 est
1317 339 1528 379 monuisse
1571 338 1650 379 So-

283 421 485 477 phoclem
511 425 556 458 ut
579 415 801 457 exordium
820 413 1179 454 Phoenissarum
1204 417 1308 451 esset
1339 411 1477 450 »exile
1508 416 1548 449 et
1572 410 1651 450 im-

282 489 567 548 perfectum.''
617 487 784 527 Rumor
819 485 895 524 iste
933 483 1142 524 obscurus
1181 489 1263 532 est,
1306 489 1345 522 et
1376 482 1447 522 1110
1480 482 1655 521 fortasse

284 562 506 603 Scholasta
545 558 703 598 tradita
745 556 956 596 mutilavit
997 561 1038 595 et
1078 555 1297 609 eorrupit,
1360 553 1469 594 adeo
1512 559 1558 592 ut
1599 565 1651 592 110

284 639 447 674 certum
471 630 648 684 quidem
673 629 723 668 sit
755 626 1090 683 expungendum
1117 639 1203 666 esse
1235 625 1396 681 duplex
1420 628 1501 681 μή,
1530 624 1653 680 quod

284 702 622 747 Valckenaerius
649 700 792 740 suasit.
825 698 910 739 Sed
933 697 1170 753 aliquando
1197 697 1418 737 Heckerus
1445 710 1562 736 meus
1590 696 1654 736 in-

283 774 613 831 geniosissimam
641 772 935 812 coniecturam
962 769 1015 809 de
1041 769 1114 809 illo
1142 767 1307 808 scholio
1330 769 1532 823 proferet.

341 846 382 886 5.
439 845 490 885 In
524 843 741 884 nonnullis
780 842 897 881 libris
938 854 1017 881 scr.
1054 846 1093 880 et
1128 840 1227 879 edd.
1257 847 1353 895 post
1385 845 1456 896 γῆν
1492 839 1654 880 adscri-

282 925 407 973 ptum
435 916 589 972 legitur
615 916 734 956 θεῶν.
769 914 862 953 Hoc
888 913 1156 952 Hermannus
1188 910 1371 966 putabat
1403 917 1657 966 corruptum

285 1003 372 1029 esse
390 1003 440 1028 ex
456 986 606 1042 Θηβῶν
609 1023 625 1042 ,
642 987 915 1042 glossemate,
931 983 1221 1039 probavitque
1237 982 1350 1023 hanc
1365 983 1659 1023 coniecturam

283 1061 470 1101 Klotzio.
514 1059 614 1098 Mihi
646 1056 766 1097 haud
796 1056 930 1111 magis
960 1055 1197 1095 necessaria
1225 1053 1333 1094 haec
1360 1054 1656 1109 interpretatio

284 1132 453 1173 videtur
482 1130 741 1177 lectoribus,
787 1141 920 1183 quam
952 1126 1220 1166 auditoribus
1250 1125 1352 1174 fuit,
1395 1140 1532 1180 quum
1561 1139 1659 1180 spe-

286 1210 475 1245 ctarent:
505 1202 734 1258 praecessit
758 1200 869 1241 enim
902 1213 1034 1254 quam
1062 1198 1254 1253 proxime
1282 1195 1470 1252 Θήβαισι.
1505 1197 1661 1252 Itaque

286 1276 430 1331 potius
460 1279 714 1328 corruptum
739 1277 847 1326 puto
875 1284 924 1310 ex
950 1271 1080 1325 θεοῖς,
1106 1270 1219 1310 varia
1248 1269 1431 1310 lectione
1457 1268 1659 1310 vocabuli

289 1347 380 1390 ποτέ
414 1346 459 1386 111
486 1359 608 1386 versu
635 1345 673 1386 7.
721 1342 950 1394 Quomodo
981 1342 1213 1397 propagari
1235 1341 1448 1395 potuerit,
1490 1347 1530 1380 et
1562 1353 1661 1380 cor-

287 1418 450 1473 rumpi,
481 1424 521 1457 et
547 1417 644 1456 loco
670 1414 776 1470 poni
801 1427 890 1454 non
917 1427 992 1453 suo
1016 1419 1135 1454 vetus
1161 1413 1402 1461 annotatio,
1434 1425 1521 1452 non
1542 1412 1659 1452 latet.

291 1490 446 1531 Similis
475 1489 603 1544 plane
636 1486 815 1528 varietas
844 1491 903 1525 est
933 1499 993 1526 vs.
1025 1483 1127 1525 402.
1159 1485 1250 1525 θεόν
1276 1497 1355 1539 pro
1387 1488 1532 1525 κακῶν.
1569 1482 1655 1524 vid.

291 1568 383 1603 not.
415 1560 472 1601 ad
499 1574 557 1599 vs.
585 1557 709 1599 1402.

354 1633 423 1673 ll.
468 1632 601 1690 Κρέων
636 1629 669 1672 τ’
703 1627 868 1687 ἀδελφὸς
891 1626 1031 1686 μητρὸς
1064 1625 1106 1668 ἐκ
1128 1633 1219 1682 μιᾶς
1249 1628 1331 1687 ἔφυ.
1367 1626 1547 1666 Multum
1573 1625 1661 1666 dis-

290 1710 491 1760 putatum
539 1709 600 1743 est
642 1701 696 1742 ad
739 1699 1038 1741 stabiliendam
1076 1700 1304 1739 lectionem
1341 1700 1510 1758 μητρός,
1549 1712 1664 1753 quae

294 1776 382 1816 sine
414 1775 547 1815 dubio
585 1773 797 1819 verissima
828 1777 901 1812 est.
956 1770 1040 1809 Sed
1070 1770 1303 1810 omiserunt
1329 1771 1579 1824 interpretes
1609 1769 1663 1809 de

293 1853 383 1887 toto
416 1859 537 1887 versu
570 1857 803 1900 quaerere,
850 1842 926 1896 qui
955 1842 1012 1881 ita
1046 1842 1277 1881 sententiae
1303 1842 1548 1882 interiectus
1582 1847 1661 1890 est,

293 1924 340 1958 ut
369 1931 417 1958 ea
453 1930 541 1971 qua
576 1929 693 1956 nunc
729 1920 789 1954 est
819 1914 956 1954 forma
982 1912 1102 1952 haud
1126 1913 1224 1953 satis
1251 1927 1348 1953 eum
1377 1912 1553 1953 haerere
1579 1927 1665 1968 pu-

295 1996 403 2038 tem3
430 1994 470 2028 et
495 1994 638 2028 tamen
665 1986 840 2026 credere
862 1998 950 2025 non
976 1997 1149 2039 possum
1173 1998 1440 2039 quemquam
1464 1984 1536 2024 illa
1561 1997 1666 2024 con-

295 2059 452 2100 fudisse
475 2072 576 2099 cum
598 2058 787 2098 dictione
813 2056 952 2111 qualis
978 2069 1044 2095 ex.
1062 2070 1124 2111 gr.
1144 2062 1204 2095 est
1220 2056 1264 2095 in
1282 2055 1416 2111 Soph.
1438 2053 1550 2097 Ant.
1570 2054 1663 2095 145.

297 2132 441 2190 πατρὸς
490 2130 567 2179 ἑνὸς
617 2130 757 2189 μητρός
808 2144 849 2170 τε
891 2134 981 2184 μιᾶς
1022 2128 1147 2186 φύντε.
1222 2127 1375 2167 Narrat
1415 2127 1583 2167 Iocasta
1626 2140 1670 2167 se

297 2210 420 2259 patre
446 2203 674 2244 Menoeceo
696 2215 782 2241 esse
809 2207 850 2241 et
877 2200 1090 2240 Iocastam
1114 2199 1279 2240 vocari:
1306 2199 1555 2254 interposita
1580 2197 1664 2246 his,

300 2280 342 2314 et
362 2273 508 2315 Creon
530 2273 688 2327 frater
713 2287 768 2313 ex
792 2271 942 2312 eadem
970 2276 1113 2311 matre
1141 2276 1230 2318 est,
1262 2270 1320 2310 ita
1348 2283 1390 2309 se
1414 2268 1597 2318 habent,
1623 2275 1670 2309 ut

301 2345 440 2386 Creon
466 2344 680 2385 Menoecei
710 2343 825 2383 filius
854 2356 942 2382 non
975 2342 1100 2382 fuisse
1131 2342 1352 2389 videatur,
1392 2340 1514 2395 quod
1544 2353 1665 2380 secus

302 2423 378 2456 est.
418 2416 631 2468 Quoniam
661 2422 804 2455 autem
831 2428 892 2455 vs,
919 2413 989 2455 47.
1023 2418 1383 2453 commemoratur
1406 2412 1538 2470 Κρέων
1565 2424 1664 2450 cum

305 2487 473 2527 adiecto
494 2485 688 2547 ἀδελφός,
709 2485 949 2541 suspicarer
974 2498 1139 2525 versum
1165 2484 1211 2524 ll
1237 2483 1524 2523 adulterinum
1551 2494 1637 2521 esse
1653 2513 1663 2530 ‚

305 2558 382 2599 nisi
420 2572 631 2612 sperarem
674 2557 1023 2612 interpolatorem
1060 2569 1157 2596 eum
1197 2555 1347 2594 melius
1395 2553 1673 2595 conditurum

307 2629 444 2670 fuisse.
505 2630 674 2671 Scilicet
710 2630 879 2670 Iocasta
926 2628 1069 2668 dicere
1109 2627 1199 2668 vult
1230 2625 1454 2667 Creontem
1490 2638 1670 2680 quoque

306 2701 442 2742 filium
462 2701 675 2743 Menoecei
692 2715 791 2743 esse.
824 2701 918 2742 Hoc
944 2700 1003 2742 sic
1027 2698 1289 2740 restituetur:
1314 2698 1446 2757 Κρέων
1469 2696 1500 2739 τ’
1515 2732 1531 2751 ,
1554 2696 1670 2738 ⁶232).-
