2020 3326
590 274 1155 318 COMMENTARIUS.
1478 276 1563 317 200

186 417 229 456 in
274 416 426 471 quinto
468 414 532 461 ἧκε
564 415 794 462 Πολυνείκης
827 413 997 473 ἀράςῖ)”
1043 413 1188 465 Quum
1228 413 1563 457 Valckenaerius

186 487 390 528 scriberet
425 487 498 528 »in
528 487 731 542 proximis
764 492 954 542 quatuor
984 485 1225 536 versibus‚''

1257 491 1439 542 apparet
1465 499 1564 525 cum

190 563 414 615 cogitasse
451 565 491 599 et
527 559 586 599 sic
623 558 926 598 ratiocinatum
958 571 1068 598 esse:
1115 557 1255 598 »nihil
1286 565 1347 598 est
1376 559 1418 598 in
1452 572 1563 613 qua-

190 638 287 671 tuor
317 630 531 680 versibus,
572 630 647 685 qui
681 629 950 685 praecedunt
979 630 1146 685 quique
1182 629 1311 670 verba
1343 630 1565 670 continent

189 703 427 758 precantis,
458 715 548 757 quo
571 702 717 741 referri
748 701 881 756 possit
912 701 1050 742 αἰτῶνε
1078 702 1226 756 itaque
1253 701 1423 743 videtur
1451 700 1563 741 Can-

186 780 299 814 terus
320 773 365 813 id
388 774 534 813 referri
552 773 730 815 voluisse
749 772 804 813 ad
821 772 951 814 verba
968 773 1105 813 nuntii
1138 772 1203 819 ἦκε
1226 774 1282 815 Π.
1308 774 1425 833 ἀράς.
1470 773 1563 813 Hoc

186 858 285 886 vero
315 845 451 885 multo
482 845 649 901 longius
680 851 890 885 remotum
923 845 1025 884 est.''
1071 844 1141 886 Sic
1173 845 1305 901 paulo
1340 845 1564 885 obscurius

188 930 315 972 saepe
348 916 561 957 scribebat
595 916 953 958 Valckenaerius:
982 917 1057 971 qui
1090 916 1168 956 nisi
1194 917 1475 957 ratiocinatus
1500 931 1565 957 es-

188 995 249 1028 set
291 1001 344 1028 co
383 1001 473 1043 quo
506 987 593 1027 dixi
636 987 787 1036 modo,
834 993 951 1027 certo
982 988 1220 1042 scripturus
1259 995 1371 1028 erat:
1425 987 1565 1028 »nihil

187 1060 322 1100 estin
362 1059 728 1100 antecedentibus
763 1072 852 1114 quo
896 1059 1105 1099 referatur
1148 1059 1311 1102 αἰτῶν.”
1370 1059 1567 1099 Klotzius

187 1131 380 1172 defendit
423 1132 622 1188 αἴσχιστον
663 1131 759 1172 αἰτῶ
802 1132 1010 1190 στέφανον,
1052 1145 1132 1186 pro
1175 1131 1346 1171 »arduo
1392 1131 1567 1172 dicendi

187 1217 340 1259 genere
382 1203 583 1258 tragico''
628 1202 804 1242 habens.
852 1203 949 1242 Non
991 1203 1253 1258 amplector:
1298 1203 1454 1242 etenim
1487 1204 1565 1258 qui

189 1282 313 1330 turpe
343 1275 453 1330 quid
480 1288 521 1314 se
548 1275 764 1315 facturum
793 1274 1046 1322 confitetur,
1082 1281 1228 1329 turpat
1259 1288 1302 1314 se
1328 1275 1445 1330 ipse,
1479 1275 1565 1315 sive

187 1347 230 1387 in
269 1345 489 1402 tragoedia
530 1345 669 1395 dicat,
715 1345 801 1386 sive
838 1346 882 1385 in
922 1346 1140 1386 communi
1174 1346 1275 1386 vita.
1325 1346 1563 1402 Tragoedia

186 1418 299 1458 hanc
331 1416 579 1457 foeditatem
609 1430 696 1456 non
727 1416 933 1465 admittit,
969 1417 1046 1457 nisi
1080 1418 1121 1457 in
1154 1431 1338 1473 persona
1367 1418 1563 1459 immanis

187 1495 319 1544 atque
344 1489 617 1543 importunae
639 1494 834 1529 naturae.
863 1488 1099 1543 Aliquanto
1124 1489 1300 1530 meliora
1328 1496 1425 1530 sunt
1455 1489 1565 1531 haec

188 1560 369 1600 Klotzii:
409 1560 520 1615 »qui
553 1560 713 1600 fatetur
743 1574 785 1600 se
814 1560 1040 1601 victoriam
1070 1561 1279 1601 nefariam
1309 1568 1484 1617 optare,
1520 1576 1563 1603 se

189 1644 392 1672 excusare
438 1630 581 1671 studet
624 1631 978 1686 quodammodo,
1024 1632 1147 1688 quod
1190 1633 1298 1688 petit
1342 1634 1561 1675 omnino.'’

186 1703 275 1758 Ego
316 1702 400 1742 iam
437 1715 566 1757 saepe
607 1702 716 1751 vidi,
764 1702 900 1744 verbis
937 1706 1105 1759 quasi,
1140 1705 1308 1754 veluti,
1347 1705 1563 1760 quodam-

186 1772 312 1814 modo
353 1780 393 1813 et
433 1773 639 1814 similibus
672 1774 866 1815 vectibus
897 1775 1083 1815 maxima
1114 1775 1421 1816 difficultatum
1451 1790 1564 1833 pon-

186 1845 287 1886 dera
315 1845 456 1901 urgeri
483 1859 629 1900 posse,
664 1859 752 1886 non
776 1847 959 1888 moveri:
994 1861 1130 1902 quare
1158 1848 1206 1887 iis
1235 1847 1429 1888 diffidere
1455 1861 1563 1889 con-

187 1917 316 1959 suevi.
380 1915 633 1972 Cogitabam
676 1923 819 1958 autcm
859 1917 974 1959 hanc
1020 1919 1253 1959 excusandi
1285 1933 1327 1959 se
1364 1925 1564 1959 naturam

183 1988 360 2044 ingeniis
400 1988 596 2028 humanis
639 1989 830 2029 innatam
863 2003 975 2038 esse,
1011 1996 1056 2030 ut
1090 2004 1139 2030 ea
1170 2004 1285 2045 quae
1315 1990 1562 2031 excusanda

185 2059 266 2099 sint
299 2059 486 2114 primum
518 2059 694 2099 fortasse
717 2074 822 2119 ‚vere
853 2061 1162 2110 confiteamur,
1209 2067 1252 2102 at
1280 2061 1436 2102 deinde
1465 2076 1561 2103 ver-

184 2129 247 2170 bis
294 2136 582 2170 extenuemus.
653 2131 877 2186 Polynices
928 2145 1029 2173 vero
1076 2132 1211 2173 tribus
1253 2132 1474 2174 vocabulis
1517 2134 1562 2175 in

184 2203 277 2258 ipso
331 2201 417 2241 fine
468 2214 675 2256 precum:
738 2203 1060 2258 »turpissimam
1111 2210 1213 2258 peto
1270 2205 1557 2245 victoriam:’'

186 2276 298 2329 pax!
331 2298 387 2302 —
417 2273 566 2313 Dicam
596 2287 713 2314 nunc
745 2274 853 2329 quid
882 2274 987 2314 mihi
1017 2275 1061 2315 in
1089 2282 1275 2316 mentem
1307 2277 1492 2326 venerit,
1528 2278 1561 2318 si

188 2346 296 2385 forte
324 2344 438 2385 hanc
470 2344 585 2384 litem
615 2344 813 2385 dirimere
843 2345 1013 2400 possim,
1053 2346 1249 2386 Klotzius
1279 2353 1396 2388 recte
1424 2348 1558 2399 vidit,

187 2416 310 2471 quod
334 2415 696 2459 Valckenaerium
724 2416 875 2457 vidisse
906 2417 1096 2466 ostendi,
1130 2417 1299 2459 Canteri
1328 2421 1561 2461 correctio-

184 2501 281 2528 nem
329 2487 470 2542 (cuius
508 2486 787 2527 subtilitatem
821 2487 1086 2528 laudandam
1114 2489 1313 2544 profecto
1347 2491 1558 2547 existimo)

185 2559 466 2615 participium
497 2559 614 2601 αἰτῶν
644 2559 811 2614 longius
841 2573 864 2599 a
894 2559 1025 2600 verbo
1054 2558 1119 2606 ἧκε
1145 2566 1380 2604 removere:
1412 2563 1561 2619 itaque

187 2630 500 2685 interpretandi
538 2631 651 2671 viam
686 2630 801 2678 iniit,
855 2645 944 2685 qua
990 2631 1046 2671 ad
1080 2632 1373 2687 probabiliora
1407 2641 1563 2676 ventu-

188 2715 260 2742 rus
290 2707 405 2751 erat,
442 2701 474 2741 si
504 2701 717 2742 minutum
748 2701 858 2756 quid
888 2716 1014 2743 ausus
1044 2710 1169 2754 esset,
1203 2718 1347 2760 neque
1372 2707 1417 2755 in
1441 2706 1562 2748 haud

188 2779 306 2813 certa
344 2772 574 2813 traditione
606 2787 706 2813 eum
737 2773 1037 2828 superstitione
1069 2775 1416 2818 conflictaretur:
1457 2792 1563 2820 con-=

1271 2847 1335 2894 14
