2020 3326
423 265 502 305 136
821 256 1379 301 COMMENTARIUS.

415 401 501 440 hoc
529 398 701 438 liberius
730 402 790 435 est
818 394 938 449 quod
971 400 1067 449 post
1092 392 1222 443 verba
1249 393 1374 434 σκῦλα
1404 394 1563 453 γράψεις
1591 397 1782 449 sequitur

416 469 554 509 oratio
592 467 777 507 directa:
817 465 849 504 si
889 463 1014 504 huius
1053 464 1151 503 loco
1188 464 1419 518 legeretur:
1466 468 1522 507 ὅτι
1554 465 1778 514 Πολυνείκης

415 542 530 588 ἔθηκε
542 574 558 594 j
590 550 737 586 nemo,
773 535 926 584 credo,
960 534 1003 574 in
1033 535 1238 575 sententia
1268 535 1519 576 offenderet.

473 610 571 652 579.
619 608 755 664 μήποτ’
759 642 776 663 ,
808 603 839 648 ὦ
873 607 1024 661 τέκνον,
1056 605 1161 655 κλέος
1194 605 1334 648 τοιόνδε
1364 623 1420 649 σοι
1443 607 1582 663 γένοιθ’
1605 606 1664 666 ὑφ’
1687 607 1778 648 Ἐλ-

415 682 531 727 λήνων
563 679 713 735 λαβεῖν.
760 679 975 731 Quoniam
1012 678 1056 718 in
1088 678 1252 732 aliquot
1281 679 1410 719 codd.
1439 679 1594 735 legitur
1624 679 1670 720 ἂν
1700 678 1779 739 ὑφ’,

413 752 753 796 Valckenaerius
785 750 967 791 coniecit
995 749 1053 791 ἀν’
1077 747 1289 805 “Ἐλληνας,
1321 750 1442 805 quod
1466 751 1630 806 placuit
1653 751 1780 791 Klot-

412 825 503 865 zio:
545 823 650 864 mihi
693 836 781 863 non
812 822 935 862 item:
988 836 1088 862 nam
1119 821 1298 877 perinde
1338 827 1427 861 erat
1464 821 1508 861 in
1545 821 1778 862 Graeciane

414 911 469 938 an
506 897 551 936 in
579 894 765 935 barbara
796 894 970 950 regione
999 894 1224 948 Polynices
1255 893 1308 933 de
1337 892 1509 933 Graecis
1539 893 1779 948 triumpha-

412 974 489 1008 ret.
541 966 602 1026 ὑφ’
636 965 826 1012 Ἑλλήνων
857 971 930 1005 aut
963 964 1197 1020 significat:
1237 966 1431 1012 monitu,
1475 978 1555 1019 ope
1585 962 1779 1005 Graeco-

412 1053 534 1079 rum:
571 1038 656 1078 hoc
684 1051 785 1078 vero
815 1036 979 1076 admitti
1007 1036 1181 1090 nequit,
1217 1035 1423 1090 quoniam
1452 1036 1591 1090 agitur
1618 1035 1670 1075 de
1696 1035 1777 1075 Po-

410 1110 586 1166 lyniciS‚
616 1123 704 1150 non
731 1108 785 1148 de
815 1107 1110 1148 auxiliantium
1141 1105 1402 1146 Graecorum
1433 1106 1645 1146 facinore:
1683 1112 1776 1146 aut:

417 1179 608 1221 Graecis
647 1180 892 1228 ademtam,
936 1178 1058 1234 quod
1094 1177 1351 1226 absurdum,
1386 1184 1481 1217 aut:
1514 1179 1693 1218 utinam
1723 1192 1779 1218 ne

411 1267 624 1308 umquam
652 1250 687 1291 G
694 1253 818 1292 raeci
840 1251 975 1291 talem
1000 1252 1238 1290 m‘cton‘am
1263 1254 1387 1289 tuam
1410 1249 1643 1290 celebrent.
1672 1249 1778 1289 Bar-

408 1323 503 1364 bari
528 1323 672 1378 potius
698 1321 954 1362 celebraturi
985 1327 1128 1371 erant3
1159 1335 1209 1360 ex
1240 1321 1433 1360 locastae
1463 1327 1602 1360 mente
1629 1319 1780 1361 Graeci

409 1393 706 1449 improbaturi.
740 1392 957 1433 Sententia
985 1392 1165 1446 requirit
1194 1391 1260 1450 ἀφ’
1282 1391 1492 1437 Ἑλλήνωνε
1521 1394 1697 1432 ‘catinam
1723 1405 1779 1431 ne

409 1480 623 1521 umquam
650 1465 786 1505 talem
811 1465 1030 1504 victoriae
1053 1463 1250 1518 gloriam
1267 1463 1320 1503 de
1341 1462 1529 1503 Graecis·
1557 1468 1775 1518 reportes.

466 1535 565 1576 581.
621 1536 665 1580 ἢν
698 1535 736 1577 δ’
761 1530 810 1577 αὖ
840 1536 1040 1595 κρατηθῇς
1074 1533 1139 1574 καὶ
1172 1535 1223 1576 τὰ
1255 1533 1358 1576 τοῦδ’
1389 1532 1636 1593 ὑπεκδράμῃ.
1703 1533 1775 1574 In-

409 1614 646 1664 terpretum
676 1608 746 1647 alii
779 1607 963 1662 amplexi
995 1612 1092 1645 sunt
1124 1605 1293 1645 Heathii
1335 1606 1626 1646 coniecturam
1657 1605 1774 1665 ὑπερ-

411 1679 575 1740 δράμῃ,
609 1679 679 1719 alii
711 1678 829 1718 dubii
860 1678 1051 1718 haerent.
1100 1677 1292 1731 Utroque
1326 1676 1454 1718 verbo
1486 1690 1611 1731 saepe
1642 1678 1777 1717 utitur

409 1751 659 1806 Euripides,
692 1750 751 1789 ita
778 1755 946 1797 tamen,
980 1755 1024 1788 ut
1054 1746 1311 1807 ὑπεκδραμεῖν
1340 1761 1505 1802 semper
1535 1748 1584 1787 sit
1615 1749 1772 1788 evade-

407 1836 480 1871 re,
525 1819 741 1877 effugere,
777 1819 917 1861 'veluti
949 1819 1084 1868 infra,
1119 1833 1180 1859 vs.
1216 1819 1315 1861 877.
1361 1817 1473 1867 θεοὺς
1504 1817 1774 1878 ὑπεκδραμού-

406 1910 534 1948 μενοι,
575 1892 758 1932 deorum
798 1890 1044 1930 m'mlc'elam
1086 1889 1348 1946 ffug'‘il'²⁶?'e⁰;
1398 1889 1652 1950 ὑπερδραμεῖν
1702 1905 1774 1931 ve..

408 1978 456 2005 ro
492 1977 724 2020 superare.
779 1961 879 2002 Mihi
918 1961 1050 2001 Poeta
1082 1961 1251 2002 videtur
1280 1962 1492 2017 scripsisse
1523 1962 1643 2017 quod
1679 1962 1775 2003 libri

404 2040 728 2091 propagarunt,
772 2040 811 2073 et
849 2033 1010 2088 optime
1042 2025 1241 2087 quidem:
1285 2047 1384 2073 nam
1425 2034 1489 2075 vel
1530 2033 1613 2073 hoc
1644 2033 1773 2074 verbo

406 2107 495 2147 solo
523 2107 691 2146 Iocasta
722 2104 928 2153 ostendit,
963 2104 1083 2158 quod
1112 2103 1230 2143 haud
1257 2105 1383 2144 semel
1408 2104 1676 2144 manifestum
1708 2105 1775 2145 sa-

407 2179 493 2227 cit,
527 2177 603 2218 sibi
635 2176 848 2230 Polynicis
881 2189 1052 2215 causam
1078 2175 1290 2230 potiorem
1317 2175 1473 2226 videri3
1506 2175 1620 2215 unde
1647 2175 1771 2216 Eteo-

404 2249 514 2290 clem
554 2247 724 2288 meritas
759 2260 922 2302 poenas
961 2246 1185 2295 daturum,
1219 2246 1249 2285 si
1280 2246 1496 2287 vincatur:
1530 2245 1664 2286 nihilo
1691 2247 1770 2286 mi-

400 2334 480 2361 nus
510 2320 587 2360 has
617 2332 705 2359 non
732 2332 755 2358 a
784 2318 915 2358 fratre
945 2317 1079 2372 repeti
1105 2323 1322 2372 oportere.
1359 2317 1581 2357 Praeterea
1610 2331 1770 2372 augen-

403 2391 459 2431 do
490 2390 709 2447 periculo,
749 2389 793 2429 in
826 2402 916 2444 quo
957 2402 1022 2428 res
1064 2388 1249 2428 Eteoclis
1286 2387 1581 2436 versabantur,
1625 2388 1770 2428 futuro

399 2462 550 2502 victori
590 2460 777 2501 blandiri
816 2474 1002 2514 eumque
1042 2459 1096 2500 ad
1132 2473 1286 2515 pacem
1321 2459 1551 2499 ineundam
1580 2472 1769 2514 propen—

402 2532 553 2572 siorem
583 2533 725 2572 facere
756 2530 912 2571 studet.

459 2601 556 2643 587.
622 2603 781 2658 ἀμαθία
824 2601 956 2656 δυοῖν,
998 2602 1048 2650 εἰς
1089 2602 1192 2644 ταῦθ’
1226 2604 1316 2643 ὅταν
1357 2599 1515 2655 μόλητον
1527 2634 1543 2654 ,
1586 2600 1768 2654 ἔχθιστον

399 2674 531 2714 κακόν.
577 2673 672 2713 Non
707 2674 836 2713 credo
863 2674 1143 2728 ponderanda
1170 2672 1423 2712 auctoritate
1451 2671 1650 2711 codicum
1677 2672 1766 2711 col—

396 2743 468 2798 ligi
505 2757 625 2798 posse
667 2750 758 2783 utra
792 2758 888 2785 vera
921 2745 970 2783 sit
998 2744 1230 2784 lectionum
1258 2743 1439 2797 ἔχθιστον
1471 2748 1509 2782 et
1548 2742 1764 2799 αἴσχιστον,
