2020 3326
336 271 393 313 92
736 262 1304 305 COMMENTARIUS.

333 406 461 454 scire,
500 415 642 458 neque
668 399 912 441 excluditur
953 397 1075 453 quod
1108 411 1225 438 nunc
1254 397 1433 439 miratur
1460 398 1688 455 Antigone,

333 492 429 518 eum
459 475 712 530 Argivorum
752 470 885 510 duces
924 476 1011 509 tam
1052 476 1256 510 accurate
1296 470 1572 526 dignoscere.
1613 472 1699 513 τότε

332 548 519 601 denique
549 541 811 598 Musgravius
847 541 902 581 ad
938 540 1091 597 Iplzz'g.
1119 541 1223 582 Aul.
1253 555 1311 583 vs.
1336 540 1408 581 46.
1433 541 1596 597 primus
1617 541 1696 582 ob-

331 618 508 660 servavit
539 613 774 669 aliquando
806 612 909 668 poni
945 613 989 652 in
1028 619 1219 668 tempore
1248 614 1478 669 praeterito
1504 626 1592 653 non
1622 613 1698 654 de-

329 691 464 730 finito.
503 686 566 727 Cf.
592 684 795 726 Fritzsoh.
830 683 1012 740 Quaest.
1042 683 1146 724 Luc.
1175 700 1219 740 p.
1234 684 1276 723 3.
1311 684 1455 736 Quum
1480 698 1580 725 vero
1610 685 1695 726 hoc

328 764 611 818 praeceptum
647 756 705 796 ita
738 756 965 810 temperari
992 755 1145 795 debeat
1175 762 1221 796 ut
1253 757 1339 798 τότε
1367 769 1694 811 nonnumquam

329 832 476 873 leviter
515 834 681 869 tantum
718 833 886 882 tempus
925 828 1203 881 praeteritum
1245 827 1467 883 designare
1500 827 1692 877 dicatur,

331 903 469 959 aptari
506 891 645 957 potest
687 898 824 941 verbis
857 898 1123 954 Paedagogi‚
1175 899 1438 954 respicientis
1485 913 1535 939 ea
1580 913 1694 954 quae

327 975 458 1016 modo
502 971 628 1014 valde
668 969 908 1026 perspicuis
952 969 1090 1011 verbis
1129 969 1261 1018 dixit,
1309 983 1512 1025 quaeque
1546 970 1698 1010 ludens

327 1045 551 1092 librarius,
589 1042 755 1097 quippe
788 1041 939 1096 pulcre
980 1040 1242 1095 quadrantia
1274 1041 1330 1081 ad
1362 1040 1554 1096 pendens
1580 1043 1693 1097 τότε,

326 1122 520 1173 repetere
545 1113 709 1168 potuit,
745 1126 833 1152 non
864 1111 1011 1152 debuit
1040 1112 1185 1153 Poeta.

389 1187 469 1228 145
486 1200 549 1240 sq.
576 1184 629 1227 A.
655 1184 708 1232 τίς
742 1182 778 1224 δ’
810 1179 915 1231 οὗτος
947 1207 1004 1213 ——
1034 1189 1136 1243 περᾷ

650 1253 1005 1315 καταβόστρυχος,
1038 1259 1184 1312 ὄμμασι
1216 1255 1383 1316 γοργὸς,
1425 1255 1495 1303 εἷς·

650 1326 742 1368 ιδεῖν
773 1328 917 1375 νεανίας
931 1346 947 1381 3

572 1400 629 1440 Π.
654 1399 838 1455 λοχαγός.
885 1397 937 1439 Α.
963 1398 1013 1445 ὡς
1039 1398 1153 1454 ὄχλος
1175 1413 1226 1439 νιν
1249 1396 1395 1456 ὑστέρῳ
1418 1395 1507 1439 ποδὶ

651 1469 842 1517 πάνοπλος
875 1470 1053 1528 ἀμφέπει.

327 1542 578 1586 Rectissime
617 1541 722 1582 vidit
760 1541 1037 1580 Marklandus
1078 1539 1184 1578 haec
1218 1538 1360 1578 omnia
1403 1537 1697 1578 continuanda

329 1628 440 1662 esse,
472 1612 749 1668 pronuntiata
777 1611 830 1651 ab
860 1612 1088 1666 Antigona.
1129 1609 1213 1649 Sed
1243 1610 1365 1649 aliter
1394 1609 1594 1663 distingui
1624 1623 1695 1650 ve-

328 1687 423 1734 lim,
456 1685 499 1724 in
518 1683 630 1723 hanc
658 1683 932 1723 sententiam:
964 1684 1067 1737 qzcz's
1090 1682 1169 1721 z'lle
1197 1686 1287 1729 est,
1312 1680 1597 1734 —adspectcc
1625 1681 1695 1719 izc-

327 1754 495 1797 vem's?
536 1755 629 1794 dccx
665 1753 809 1808 (haud
839 1752 1013 1807 dubie),
1050 1767 1155 1792 nam
1185 1751 1343 1792 cohors
1374 1752 1568 1790 militum
1597 1764 1695 1790 eum

330 1829 560 1882 sequitur:
600 1830 640 1864 et
674 1825 725 1873 ὡς
757 1822 831 1864 hic
865 1826 1080 1879 quoniam
1113 1823 1252 1864 valere
1292 1836 1379 1863 non
1407 1822 1575 1877 fugerat
1605 1821 1695 1861 An-

328 1899 471 1955 glum,
506 1897 573 1937 cui
601 1896 817 1944 Klotzius,
845 1896 877 1935 si
908 1895 1094 1935 sensisset
1126 1900 1291 1949 quanto
1320 1894 1461 1948 aptius
1485 1893 1697 1948 Antigone

330 1984 449 2010 suam
478 1968 609 2023 ipsius
640 1968 932 2007 coniecturam
965 1966 1213 2014 confirmet,
1247 1979 1379 2019 quam
1408 1965 1601 2018 ineptum
1628 1977 1694 2003 re-

328 2054 529 2096 sponsum
566 2039 764 2096 λοχαγός,
805 2037 1062 2093 Paedagogo
1109 2036 1339 2084 tributum,
1380 2035 1568 2075 assentiri
1610 2048 1699 2075 non

333 2112 577 2152 dubitasset.
620 2111 744 2151 Nunc
773 2110 937 2149 inutilia
978 2109 1227 2164 disputavit.
1271 2106 1521 2147 Distributio
1549 2119 1696 2161 perso-

331 2197 511 2232 narum,
571 2196 684 2237 quae
726 2181 1052 2228 circumfertur,
1101 2178 1206 2219 nibil
1258 2185 1317 2218 est
1362 2177 1440 2217 nisi
1486 2176 1696 2217 correctio

331 2254 476 2301 scioli,
521 2254 595 2308 qui
622 2253 789 2308 putavit
830 2265 1080 2306 responsum
1116 2249 1346 2289 desiderari
1384 2255 1480 2304 post
1519 2248 1695 2302 νεανίας,

333 2325 546 2379 sensitque
584 2323 714 2365 verba
764 2323 815 2371 ὡς
846 2347 904 2353 ——
934 2323 1095 2381 ἀμφέπει
1134 2320 1392 2375 Paedagogo
1445 2319 1573 2359 tribui
1613 2332 1701 2359 non

334 2409 471 2450 posse.
497 2419 553 2425 —-
574 2395 655 2434 Pro
687 2393 829 2442 εῖςιὸεἴν
857 2408 878 2434 e
905 2393 1120 2434 nonnullis
1150 2392 1265 2431 libris
1296 2391 1562 2431 Hermannus
1591 2389 1695 2429 scri-

334 2466 417 2520 psit
466 2464 624 2521 ἐςιὸεἴυ)
667 2467 875 2521 quoniam
926 2464 1027 2504 alibi
1074 2477 1124 2502 ex
1165 2461 1361 2518 pluribus
1405 2461 1586 2514 dactylis
1640 2458 1697 2499 ad

336 2536 582 2576 dochmium
619 2543 872 2577 transeatur.
907 2536 1003 2577 Sive
1025 2534 1227 2575 >transitus
1254 2534 1304 2572 sit
1334 2532 1388 2572 ad
1420 2530 1692 2579 dochmimu,

336 2607 420 2648 sive
448 2607 504 2646 ad
528 2607 713 2657 iambos,
742 2608 845 2648 mihi
875 2607 1035 2663 gratius
1059 2605 1152 2646 fieri
1178 2604 1346 2646 videtur
1370 2615 1448 2656 per
1474 2600 1696 2640 creticum.

400 2677 493 2717 153.
555 2676 593 2726 ὃς
625 2678 683 2721 ἐπ’
716 2679 811 2735 ἐμὰν
842 2679 947 2722 πόλιν
976 2677 1051 2732 ἔβα
1084 2677 1247 2737 πέρσων.
1293 2674 1483 2714 Fortasse
1509 2685 1603 2712 voc.
1629 2687 1697 2713 πο-

340 2749 434 2804 λύς,
476 2749 595 2804 quod
633 2750 835 2791 exciderit
870 2757 966 2805 post
1002 2750 1135 2803 πόλιν,
1178 2747 1277 2787 olim
1308 2742 1490 2799 explevit
1520 2743 1700 2783 alterum
