2020 3326
437 269 517 310 182
837 270 1398 313 COMMENTARIUS.

434 404 647 461 βλήματα,
701 408 740 446 111
789 405 945 460 quibus
989 413 1104 446 certe
1144 407 1224 446 fuit
1266 408 1456 462 clypeus.
1518 409 1582 450 lbi
1623 426 1801 467 quoque

434 483 737 517 commemorat
761 476 907 517 Schol.
935 478 1034 517 lect.
1059 484 1225 538 πτερῶν,
1258 493 1390 533 quam
1412 481 1556 520 nescio
1580 495 1658 522 cur
1680 484 1800 523 Wel-

432 547 603 587 lauerus
635 561 749 587 »non
777 549 1167 589 contemnendam'’
1199 550 1364 590 dixerit.
1395 550 1555 606 Suppl.
1575 551 1673 593 502.
1701 556 1801 595 κεῖν-

432 634 494 658 ται
536 619 627 678 πρὸς
669 619 803 667 πύλαις
843 620 1081 677 λοχαγέται,
1124 622 1282 681 Πέτροις
1323 621 1633 672 καταξανθέντες
1663 625 1799 667 ὀστέων

429 693 571 750 ῥαφάς.
607 691 796 746 deniqne
828 692 884 731 cs.
916 692 1086 733 Phoen.
1121 693 1230 733 1153
1256 701 1295 733 et
1329 693 1439 734 1165
1468 709 1565 750 sqq.

494 762 791 803 1190-1194.
839 763 880 804 ἐκ
913 763 957 806 δὲ
987 764 1184 821 κλιμάκων
1218 790 1270 795 —
1303 768 1442 822 νεκρός.
1498 767 1638 807 Locus
1672 782 1802 823 quem

426 847 514 874 non
545 848 693 876 vereor
725 835 1026 876 difficillimum
1053 837 1196 877 dicere
1227 837 1352 877 huius
1381 837 1575 878 fabulae:
1611 845 1657 879 ut
1688 840 1797 881 invi-

427 905 552 945 deam
595 907 811 946 securitati
858 906 1169 962 Interpretum,
1229 923 1251 947 0
1293 908 1452 963 quibus
1489 910 1657 964 excipio
1692 910 1798 951 Her-

427 990 658 1027 mannum,
703 979 778 1033 qui
809 978 1025 1034 eleganter
1053 979 1246 1034 scripsit:
1296 997 1311 1015 >³
1334 980 1489 1035 Ligna,
1533 994 1632 1020 saxa
1664 987 1796 1036 atque

426 1048 509 1088 alia
546 1049 682 1105 rigida
719 1050 778 1090 sic
824 1050 1000 1090 fulmine
1040 1050 1175 1092 disiici
1215 1065 1340 1091 nemo
1382 1052 1539 1092 nescit:
1583 1051 1798 1093 hominem

430 1133 532 1159 vcro
575 1121 631 1160 ad
671 1121 796 1161 istum
833 1121 1011 1162 modum
1053 1122 1092 1162 vi
1134 1122 1321 1162 fulminis
1366 1123 1616 1178 dissipatum
1651 1124 1800 1164 incen-

429 1204 611 1246 sumque
646 1207 781 1247 quum
812 1193 934 1234 finxit
962 1194 1207 1250 Euripides,
1241 1198 1422 1254 κεραυνοῦ
1453 1197 1622 1255 κρεῖσσον
1653 1198 1803 1254 εὕρηκεν

430 1260 570 1318 βέλος,
612 1262 773 1323 βροντῆς
808 1264 845 1306 δ’
868 1264 1166 1320 ὑπερβάλλοντα
1208 1267 1388 1326 καρτερὸν
1419 1267 1604 1309 κτύπον.”
1663 1267 1805 1318 Quam

430 1334 584 1374 vellem
612 1349 729 1383 eum,
764 1337 873 1377 ultra
903 1337 1016 1377 hano
1048 1337 1361 1378 dubitationem
1389 1352 1683 1394 progressum,
1717 1338 1804 1378 Eu-

430 1405 579 1459 ripidis
629 1406 927 1447 existimationi
971 1407 1237 1449 subvenisse!
1287 1409 1372 1449 Sed
1412 1410 1632 1457 Klotzius‚
1683 1421 1803 1448 »non

437 1476 614 1531 (inquit)
661 1484 747 1517 tam
788 1478 924 1533 ipsam
964 1485 1164 1519 naturam
1196 1479 1382 1520 fulminis
1413 1486 1510 1520 ante
1543 1480 1693 1520 oculos
1722 1479 1800 1519 ha-

432 1548 505 1587 bet
541 1547 826 1604 (Euripides),
862 1549 935 1589 sed
964 1549 1116 1589 iratam
1146 1564 1370 1604 personam
1403 1550 1535 1592 Iovis:
1568 1575 1626 1581 —-
1654 1551 1803 1605 itaque

430 1619 559 1659 Poeta
595 1619 780 1675 vulgaris
818 1620 1005 1660 fulminis
1042 1634 1235 1661 normam
1274 1622 1473 1677 migrasse
1502 1622 1714 1662 videtur.’'
1747 1647 1803 1651 ——

432 1690 550 1729 Haec
581 1691 799 1731 excusatio
829 1691 1036 1731 eiusmodi
1064 1699 1124 1732 est
1155 1699 1200 1732 ut
1246 1693 1393 1748 »aegri
1425 1693 1623 1733 somnia”
1664 1693 1800 1733 Hora-

435 1761 481 1800 tii
514 1761 623 1801 ferre
651 1763 782 1816 possit
812 1763 855 1802 in
887 1763 1058 1817 optimis
1089 1764 1248 1818 poetis,
1292 1777 1372 1804 nec
1403 1764 1522 1804 iustis
1553 1764 1727 1804 rationis
1760 1771 1800 1804 et

431 1839 611 1873 naturae
637 1833 800 1889 legibus
823 1835 960 1890 poesis
984 1841 1178 1890 regatur:
1208 1835 1261 1875 de
1288 1849 1377 1890 quo
1408 1835 1585 1876 verbum
1609 1849 1696 1875 non
1723 1835 1798 1875 ad-

435 1904 554 1954 dam3
578 1905 649 1944 sed
669 1905 871 1960 incipiam
891 1919 911 1944 a
929 1905 1027 1945 fine.
1057 1905 1230 1946 Scilicet
1249 1913 1346 1961 post
1368 1906 1562 1946 miseram
1578 1907 1694 1946 illam
1717 1906 1803 1946 dis·

434 1977 687 2031 sipationem
730 1977 1019 2016 membrorum
1067 1976 1257 2032 Capanei
1297 1985 1517 2034 exspectes
1562 1979 1604 2018 in
1647 1984 1803 2018 terram

434 2062 581 2103 sparsa
613 2048 828 2088 deiectum
864 2048 928 2088 iri.
974 2048 1087 2088 Nihil
1119 2048 1296 2089 horum:
1337 2055 1433 2104 post
1464 2050 1723 2089 rotationem
1752 2050 1802 2098 εἰς

437 2127 507 2176 γῆν
548 2123 710 2180 ὲμπυρος
752 2121 879 2162 πίπτει
920 2123 1108 2179 νεκρός.
1178 2121 1307 2172 Quod
1349 2121 1538 2177 corpus?
1582 2121 1806 2176 quodnam

438 2193 657 2233 cadaver?
700 2192 767 2232 An
809 2206 970 2232 summa
1016 2193 1298 2232 collectorum
1337 2192 1657 2232 membrorum?
1708 2193 1804 2247 quis

439 2264 617 2304 credet?
661 2264 791 2304 immo
837 2270 950 2304 totus
994 2264 1245 2320 integerque
1285 2263 1510 2311 membris,
1562 2263 1639 2304 nisi
1682 2264 1804 2319 quod

441 2336 617 2376 adustus
649 2342 760 2383 erat,
805 2335 1061 2376 deturbatur
1096 2336 1140 2375 in
1171 2341 1348 2375 terram:
1391 2335 1538 2390 itaque
1578 2337 1804 2390 integrum

440 2407 625 2448 cadaver
661 2405 850 2461 Capanei
885 2407 1063 2447 humare
1095 2406 1313 2446 constituit
1348 2406 1531 2446 Theseus
1564 2407 1607 2445 in
1641 2405 1801 2461 Sappl.

438 2480 496 2519 33
524 2493 622 2534 sqq.
655 2492 796 2534 neque
827 2478 1060 2534 excogitari
1089 2484 1228 2533 potest
1260 2491 1337 2518 cur
1367 2476 1590 2532 Euripides
1619 2476 1662 2516 in
1694 2476 1801 2517 dua—

438 2549 518 2589 bus
560 2549 756 2598 Fabulis,
817 2564 1001 2604 quarum
1045 2555 1295 2605 argumenta
1335 2555 1420 2588 tam
1474 2546 1616 2587 affinia
1669 2555 1803 2589 essent

442 2634 617 2675 unaque
648 2621 876 2660 traditione
901 2621 1158 2669 niterentur,
1195 2619 1375 2659 eandem
1399 2632 1487 2658 rem
1517 2617 1803 2672 gravissimam

442 2691 566 2730 variis
599 2692 735 2731 modis
775 2692 983 2741 traderet,
1029 2698 1102 2732 aut
1134 2698 1220 2731 tam
1252 2691 1375 2745 longe
1405 2688 1623 2728 recederet
1652 2703 1673 2728 a
1704 2690 1803 2744 pul-

442 2762 521 2801 cris
562 2762 814 2818 Sophocleis
858 2762 1031 2818 (Antz'g.
1067 2761 1181 2816 134.)
1225 2762 1413 2803 ἀντίτυπα
1456 2759 1494 2801 δ’
1518 2759 1577 2801 ἐπὶ
1612 2767 1667 2816 γᾷ
1711 2761 1801 2803 πέσε
