2020 3326
374 270 454 313 170
773 267 1331 308 COMMENTARIUS.

368 419 455 461 que
497 404 616 464 κυδρή
648 403 786 443 habeo
819 416 899 458 pro
942 403 1102 458 glossa,
1149 403 1271 443 cuius
1299 404 1444 444 locum
1477 405 1730 460 interprela„

368 478 425 517 tio
457 477 575 521 κλεινή
605 487 823 529 occupare
855 474 1055 528 potuerit.

428 546 550 587 1083.
594 546 647 586 Τί
672 546 739 600 μοί
764 545 854 587 ποθ’
888 550 986 593 ἥκεις
1019 544 1143 586 καινὸν
1173 545 1349 602 ἀγγελῶν
1379 548 1478 594 ἔπος.
1523 547 1730 587 Herman-

364 632 444 658 nus
483 632 533 657 ex
576 617 709 657 tribus
749 617 878 657 codd.
913 617 1129 675 ἀγγέλλων.
1181 617 1266 657 »ld
1307 624 1353 658 ut
1393 619 1532 673 aptius
1569 620 1730 659 servavi

367 688 567 744 (inquit):
596 689 680 728 iam
710 689 821 728 enim
850 689 1070 746 inceperat
1102 690 1170 729 ille
1197 690 1414 729 narrare.’'
1448 689 1613 741 Quibus
1638 703 1731 730 ver-

363 759 459 799 bis?
497 759 601 800 nihil
630 759 758 808 dixit,
797 760 912 800 unde
943 760 1051 801 haec
1082 760 1283 815 colligere
1309 763 1496 816 potuerit
1526 761 1734 801 Herman-

362 846 466 880 nus,
507 832 605 872 nisi:
648 835 825 873 ἄκουσον.
881 832 1015 888 Atqui
1046 832 1307 872 audientiam
1338 838 1486 887 petens
1521 832 1732 872 nihildum

362 902 589 943 narrabat:
639 910 861 958 praeterea
904 918 957 944 ne
1000 910 1165 944 certum
1206 903 1384 958 quidem
1427 910 1485 943 est
1522 903 1734 943 Iocastam

362 974 535 1029 prodire
573 981 671 1014 ante
702 974 831 1016 verba
862 975 939 1015 ista
978 976 1142 1015 nuntii:
1182 975 1311 1014 immo
1352 975 1384 1014 si
1416 975 1577 1015 audivit
1614 974 1731 1014 hunc

363 1045 600 1085 dicentem:
641 1046 781 1100 prodi
807 1051 849 1086 et
879 1047 1029 1086 cohibe
1058 1046 1271 1101 querelas
1300 1051 1341 1086 et
1375 1046 1624 1100 lacrymas,
1667 1046 1732 1085 in—

364 1117 553 1172 telligere
577 1118 717 1172 potuit
747 1117 914 1172 aliquid
942 1118 1067 1158 fausti
1093 1117 1347 1157 nunciatum
1372 1117 1449 1165 iri,
1480 1116 1553 1156 sed
1579 1122 1736 1156 restare

363 1188 486 1243 quod
522 1201 706 1243 propere
749 1189 963 1244 agendum
993 1190 1064 1229 sit:
1104 1188 1209 1228 nihil
1249 1188 1379 1244 igitur
1409 1194 1469 1227 est
1506 1201 1583 1227 cur
1614 1193 1734 1243 roget

366 1273 466 1298 cum
497 1258 674 1308 affectu,
713 1274 767 1299 an
799 1260 991 1300 Eteocles
1022 1259 1238 1300 ceciderit.
1275 1284 1332 1288 —
1371 1258 1525 1298 Attulit
1558 1258 1735 1313 quidem

366 1330 703 1372 Valckenaerius
743 1344 793 1369 ex
831 1331 1036 1386 Euripide
1078 1331 1272 1385 exempla
1315 1330 1447 1370 futuri
1479 1336 1575 1385 post
1606 1329 1734 1370 verba

364 1401 598 1445 veniendi,
641 1401 714 1440 sed
755 1402 968 1441 contraria
1005 1401 1212 1441 nonnulla
1257 1400 1444 1441 admovit
1484 1400 1635 1440 Markl.
1681 1399 1736 1439 ad

369 1472 530 1527 Suppl.
550 1471 643 1512 154.
674 1486 725 1512 ac
749 1486 890 1513 revera
916 1472 1094 1527 perinde
1120 1478 1179 1511 est
1202 1471 1255 1510 ad
1280 1471 1550 1511 sententiam:
1581 1485 1735 1525 quam-

366 1542 514 1583 obrem
566 1543 757 1598 plurium
806 1542 1015 1582 Codicum
1074 1542 1283 1597 suffragiis
1332 1541 1734 1596 obtemperandum.

369 1613 595 1654 Caeterum
635 1613 705 1653 hic
745 1627 888 1654 versus
928 1612 1133 1669 languida
1175 1612 1426 1667 repetitione
1466 1612 1735 1666 interrumpit

368 1685 562 1725 locastae
594 1685 819 1725 sollicitam
849 1685 1175 1725 sciscitationem
1209 1683 1261 1723 (le
1290 1683 1402 1722 filio:
1438 1689 1483 1722 ut
1511 1683 1735 1737 sagacissi—

368 1769 435 1795 me
480 1756 710 1795 coniecerit
747 1755 1084 1812 Valckenaerius
1132 1754 1217 1794 huc
1258 1754 1469 1809 pertinere
1514 1753 1730 1802 scholion,

367 1826 664 1882 praecedentis
687 1840 828 1867 versus
855 1827 1007 1866 lemma
1033 1825 1272 1880 praefixum
1306 1824 1489 1872 habens,
1526 1824 1640 1864 unde
1669 1825 1734 1864 di-

371 1899 525 1938 scimus
558 1911 724 1939 versum
756 1898 799 1937 in
835 1898 1000 1952 aliquot
1031 1897 1147 1936 libris
1173 1910 1260 1936 non
1292 1896 1431 1935 fuisse.
1477 1895 1571 1935 Non
1602 1895 1735 1935 offen-

370 1970 537 2017 derem,
571 1969 603 2008 si
632 1969 792 2023 positus
822 1975 927 2009 esset
959 1974 1056 2008 ante
1085 1981 1249 2008 versum
1275 1965 1399 2007 1080.
1433 1966 1540 2006 Nam
1566 1966 1619 2005 de
1644 1980 1735 2006 mo-

373 2054 417 2080 re
463 2046 549 2089 est,
576 2046 646 2095 ‚ut
690 2040 898 2080 nuncium
942 2040 1127 2094 primum
1173 2038 1364 2078 omnium
1406 2037 1738 2092 interrogemus:

374 2111 516 2166 »quid
541 2110 640 2151 novi
671 2110 857 2150 affers?'’
891 2110 1095 2165 Exempla
1122 2115 1219 2149 sunt
1248 2109 1291 2149 in
1316 2109 1452 2156 Ione,
1484 2107 1605 2147 1109.
1638 2107 1735 2147 Jlel.

374 2182 479 2231 600,
516 2182 702 2236 aliaque.
759 2182 913 2236 ltaque
953 2182 996 2221 in
1035 2187 1209 2236 promtu
1242 2186 1303 2220 est
1338 2180 1542 2234 suspicari
1580 2180 1624 2219 in
1657 2180 1738 2219 alia

374 2254 478 2293 serie
508 2253 901 2307 manuscriptorum
941 2266 1040 2292 eum
1079 2265 1244 2293 versum
1278 2250 1477 2290 omissum
1507 2250 1652 2299 fuisse,
1695 2250 1738 2289 in

375 2325 457 2365 alia
487 2338 609 2364 secus
638 2324 856 2363 insertum.

436 2394 560 2435 1085.
609 2399 676 2450 ζῇ,
709 2397 760 2452 μὴ
794 2398 928 2454 τρέσῃς
961 2393 1066 2450 τόδ’,
1099 2398 1150 2442 ὥς,
1181 2394 1213 2434 σ’
1237 2391 1456 2442 ἀπαλλάξω
1477 2389 1609 2450 φόβου.
1652 2390 1736 2429 Do-

375 2467 554 2506 ctissime
574 2467 782 2506 munitam
808 2468 1032 2522 proposuit
1053 2466 1264 2506 Porsonus
1288 2464 1400 2504 hanc
1423 2463 1733 2503 coniecturam:

378 2539 429 2592 μὴ
462 2540 594 2596 τρέσῃς
607 2572 623 2592 ,
666 2536 770 2579 τοῦδ’
802 2562 860 2567 ——
890 2536 1028 2597 φόβου;
1069 2536 1142 2576 sed
1170 2550 1256 2576 non
1288 2535 1396 2576 adeo
1427 2538 1641 2589 praestare
1673 2530 1735 2570 vi-

379 2607 503 2647 detur
533 2615 578 2647 ut
607 2609 805 2663 vulgatae
832 2609 1004 2649 lectioni
1035 2606 1316 2663 praeferenda
1343 2606 1406 2645 sit.
1450 2602 1534 2643 Sed
1556 2608 1740 2655 utraque

380 2677 591 2732 scriptura
622 2679 789 2719 laborat
820 2679 1118 2719 incommodo:
1150 2678 1234 2717 hoc
1263 2676 1373 2717 enim
1404 2673 1597 2714 tribuunt
1626 2685 1738 2711 nuu-

382 2747 470 2786 cio:
504 2750 641 2796 υίυίί,
675 2763 729 2790 ne
758 2752 863 2790 lime
894 2750 998 2790 leoc:
1039 2750 1171 2804 idque
1203 2748 1288 2788 aba·
1314 2746 1435 2795 dico,
1469 2759 1523 2784 ne
1553 2745 1736 2789 timeas,
