2020 3326
583 1021 1116 1071 PRAEFATIO.

221 1352 368 1418 Natus
392 1382 452 1417 est
479 1375 550 1416 hic
575 1371 915 1415 Commentarius
940 1378 1037 1426 post
1066 1370 1309 1427 exploratas
1325 1371 1535 1412 Herman-

164 1464 206 1505 ni
233 1471 274 1504 et
304 1461 463 1503 Klotzii
491 1460 697 1501 editiones
725 1458 1076 1507 Phoeuissmum,
1113 1471 1251 1513 quum
1287 1457 1536 1513 Euripidem

162 1548 460 1606 Aristophanis
477 1560 607 1588 causa
625 1545 769 1586 denuo
788 1544 987 1600 legerem.
1023 1543 1139 1596 Quid
1155 1543 1334 1584 sentiam
1351 1543 1404 1584 de
1427 1544 1538 1584 Her-

159 1637 305 1677 manni
335 1635 500 1676 ratione
528 1630 841 1688 interpretandi
870 1629 1211 1686 recensendique
1238 1629 1422 1681 Poetae,
1462 1629 1537 1670 de-

161 1737 248 1779 que
279 1721 442 1763 iudicio
474 1718 595 1776 quod
627 1718 723 1759 tulit
753 1716 808 1757 de
842 1716 1143 1760 Valckenaerii
1173 1715 1290 1776 κρίσει
1319 1722 1359 1756 et
1386 1716 1536 1763 ἀθετή-

162 1826 292 1865 σεσιν,
317 1809 362 1849 in
391 1807 474 1848 hac
502 1804 773 1847 Praefatione
803 1817 892 1844 non
919 1816 1232 1852 commemoro,
1266 1817 1537 1858 quamquam

159 1896 294 1936 multa
338 1894 559 1949 disputare
602 1896 799 1946 poteram
833 1889 888 1929 de
919 1888 1235 1932 Valckenaerio
1254 1919 1266 1939 ‚
1315 1889 1369 1929 de
1413 1888 1540 1929 huius

164 1979 442 2037 »corrigendi
470 1977 695 2035 pruritu‚''
739 1975 794 2016 de
827 1975 1082 2015 »doetrinae
1116 1973 1449 2023 ostentatione,”
1484 1973 1538 2014 de

168 2086 182 2104 n
201 2064 471 2107 effundendis
492 2064 541 2104 iis
571 2076 685 2118 quae
707 2068 754 2102 ut
772 2061 879 2102 scire
907 2060 1070 2101 bonum
1087 2060 1160 2109 sit,
1193 2065 1236 2100 at
1252 2059 1414 2099 nescire
1444 2073 1537 2100 ma-

163 2154 251 2193 lum
277 2166 365 2191 non
393 2150 496 2199 sit,”
528 2148 671 2204 deque
699 2147 788 2187 aliis
815 2160 928 2202 quae
955 2147 998 2186 in
1024 2159 1074 2186 eo
1104 2144 1361 2200 reprehendi
1389 2144 1533 2195 video,

160 2250 364 2294 quaeque
391 2241 438 2276 ut
463 2233 583 2275 haud
610 2232 784 2273 omnino
817 2245 914 2272 vere
941 2231 1191 2285 culpantur,
1220 2230 1278 2270 ita
1305 2230 1536 2271 confundi—

163 2330 233 2364 tur
268 2321 451 2363 hominis
486 2318 711 2360 consilium
744 2331 843 2357 cum
876 2330 927 2357 eo
958 2316 1080 2371 quod
1110 2322 1354 2371 temporum
1390 2317 1540 2358 vitium

162 2409 346 2458 dicitur,
379 2407 515 2448 multo
538 2418 639 2447 vero
669 2403 814 2460 potius
836 2402 1072 2443 necessaria
1098 2401 1288 2442 conditio
1320 2408 1398 2452 est,
1431 2417 1539 2458 pen-

163 2496 267 2536 dens
294 2495 366 2535 illa
387 2493 441 2534 ab
468 2492 653 2533 naturali
680 2491 772 2546 lege
790 2489 973 2530 cuiusvis
1000 2488 1253 2544 disciplinae
1283 2488 1538 2529 condendae

165 2596 216 2623 ac
232 2581 382 2622 sensim
398 2579 556 2620 finibus
571 2578 655 2618 suis
686 2574 1118 2617 circumscribendae.
1155 2574 1239 2614 Sed
1256 2574 1414 2616 veritus
1445 2588 1539 2615 sum

166 2682 217 2708 ne
245 2666 488 2725 σκιαμαχίαν
520 2663 786 2720 ingrederer,
823 2662 854 2702 si
884 2659 1186 2716 responderem
1213 2659 1262 2700 iis
1292 2673 1405 2717 quae
1432 2659 1539 2700 Her-

1611 202 1638 236 is
