2020 3326
413 279 497 319 212
763 270 765 272 ’
818 277 1377 318 ΕΟΜΜΕΝΤΛΜΗΞ.

409 416 660 470 priusquam
688 413 1036 453 consideravisset
1069 413 1255 468 potuisse
1281 414 1641 456 Valckenacrium
1673 416 1779 456 Kin-

413 487 469 541 gii
506 485 739 526 versionem
771 483 980 540 probare,
1027 498 1140 539 quae
1170 491 1274 525 tunc
1304 486 1435 541 vulgo
1467 486 1776 541 usurpabatur:

416 556 537 610 quod
568 556 598 595 si
630 555 752 604 fecit,
792 569 879 595 non
910 555 1105 595 fraudem
1137 556 1368 596 commisit:
1408 558 1664 598 erraveritne
1698 557 1782 597 du-

410 627 527 667 bium
555 639 734 681 quoque
762 632 842 676 est,
873 626 1086 681 siquidem
1112 627 1268 667 mullis
1299 627 1479 668 obortae
1504 634 1611 669 sunt
1637 628 1784 682 laery-

412 712 531 746 mae,
567 703 743 753 quanta
773 703 872 738 erat
903 698 1144 738 calamitas
1174 698 1218 738 id
1244 704 1303 739 est
1331 699 1474 754 quod:
1509 705 1685 740 lantum
1713 700 1781 739 la-

412 784 667 824 erymarum
698 770 898 810 obortum
929 775 996 810 est
1030 771 1210 817 mullis,
1255 776 1431 826 quanta
1463 776 1562 811 erat
1593 772 1780 811 calami—

414 847 500 881 las.
548 841 700 897 Inepta
731 842 960 891 scntentia;
997 841 1072 881 sed
1104 841 1210 881 nihil
1241 841 1325 882 hoc
1357 842 1412 881 ad
1442 856 1552 890 rem,
1589 843 1620 882 si
1652 842 1782 884 Valc-

411 912 638 952 kenaerius
673 913 840 968 putavit
867 913 1084 952 meliorem
1115 926 1137 952 e
1167 912 1304 954 verbis
1334 915 1497 969 graecis
1525 913 1784 966 colligi'non

411 997 557 1039 posse:
604 985 803 1024 nimirum
847 985 1002 1025 iunctis
1047 983 1203 1044 δάκρυα
1246 991 1312 1033 τῆς
1356 986 1506 1041 τύχης,
1559 985 1784 1039 lacrymae

403 1061 599 1111 propter
628 1056 947 1096 calamitatem.
986 1057 1150 1097 Etenim
1180 1057 1436 1112 desperabat
1469 1057 1523 1096 dc
1554 1056 1691 1097 verbis
1722 1062 1786 1104 τῆς

412 1128 533 1183 τύχης
554 1131 646 1182 ὅση,
680 1127 973 1183 haerebatque
999 1128 1041 1168 in
1064 1129 1267 1184 genitivo:
1298 1128 1352 1168 (lc
1379 1142 1469 1183 quo
1492 1129 1780 1168 IIermannus:

416 1199 682 1255 »genitivum
724 1200 921 1240 temerius
960 1214 1093 1254 quam
1133 1199 1440 1240 consideratius
1475 1201 1630 1256 carpit.
1676 1199 1784 1239 Nam

413 1285 551 1325 quum
581 1270 866 1328 πολλοῖςέπῇει
897 1269 1057 1331 δάκρυα
1096 1271 1201 1311 nihil
1238 1271 1355 1311 aliud
1388 1286 1520 1327 quam
1551 1271 1784 1311 miseritum

416 1354 502 1381 esse
534 1342 690 1381 multos
717 1342 948 1397 significet,
992 1356 1079 1382 non
1108 1343 1247 1383 minus
1278 1349 1394 1383 recte
1424 1343 1487 1382 his
1516 1342 1653 1384 verbis
1683 1342 1785 1382 addi

414 1412 623 1467 genitivus
652 1419 816 1468 potest,
860 1427 992 1467 quam
1024 1428 1160 1468 quum
1191 1413 1428 1468 Aeschylus
1459 1414 1565 1453 (lixit
1594 1415 1712 1455 στένω
1742 1429 1784 1455 σε

414 1490 487 1532 τοῖς
508 1484 685 1540 ὀλομένας
705 1484 828 1540 τύχας
840 1503 856 1539 ,-
882 1490 922 1524 et
952 1484 1119 1544 οἰκτείρω
1151 1500 1193 1525 σε
1215 1486 1416 1543 θεσφάτου
1439 1485 1600 1543 μόρου.”
1635 1485 1782 1524 Proxi-

410 1570 528 1595 mum
554 1562 644 1595 erat
668 1556 711 1595 in
738 1555 1032 1604 Phoenissis,
1070 1555 1192 1596 1431.
1221 1561 1350 1597 κακῶν
1382 1561 1486 1610 σῶν,
1518 1555 1715 1611 Οἰδίπου,
1747 1556 1779 1597 σ’

411 1630 495 1668 ὅσον
526 1629 659 1668 στένω.
705 1627 934 1682 aptiusque
971 1626 1109 1667 afferri
1141 1627 1376 1681 potuissent
1406 1628 1599 1682 exempla
1628 1627 1782 1668 verbo-

412 1713 507 1738 rum
534 1697 711 1758 δακρύειν
738 1705 778 1738 et
804 1697 1054 1759 ὃακρυρροεῖν
1083 1711 1184 1738 cum
1218 1698 1408 1753 genitivis
1437 1712 1487 1738 ex
1515 1698 1645 1739 Herc.
1675 1699 1780 1739 Fur.

413 1769 512 1811 538.
547 1769 668 1810 1114.
718 1770 804 1815 Sed
835 1770 1071 1825 prudenter
1107 1769 1444 1812 Valckenaerius
1486 1770 1588 1809 talia
1632 1770 1782 1810 omise-

412 1848 500 1890 rat,
535 1841 669 1882 sciens
699 1841 807 1896 quid
847 1840 1045 1880 differant
1076 1841 1135 1880 illi
1176 1841 1371 1895 genitivi,
1421 1840 1546 1895 positi
1572 1847 1666 1896 post
1707 1855 1781 1881 ac-

414 1913 626 1953 cusativos
659 1929 731 1968 ee,
765 1927 788 1952 a
820 1912 956 1953 verbis
1001 1926 1115 1967 quae
1146 1911 1362 1966 Euripidis
1404 1925 1490 1951 csse
1531 1912 1780 1952 creduntur.

415 1984 575 2035 Quidni
611 1984 759 2024 docuit
790 1984 1057 2023 Hermannus
1088 1996 1221 2037 quam
1253 1996 1380 2037 saepe
1411 1988 1570 2023 veteres
1601 1982 1783 2023 dixerint

416 2058 532 2098 στένω
565 2062 629 2104 τῆς
660 2057 778 2112 τύχης
804 2061 844 2095 ct
868 2055 1035 2100 οἰκτείρω
1067 2058 1131 2095 τοῦ
1163 2054 1309 2115 μόρουῖ)
1342 2053 1443 2093 Mihi
1464 2053 1568 2094 nihil
1595 2054 1684 2094 eius
1708 2068 1781 2109 gc-

416 2128 525 2167 neris
575 2127 824 2183 suppeditat
869 2126 1074 2166 memoria
1122 2132 1291 2180 praeter
1333 2124 1486 2180 Ipln'g.
1530 2123 1636 2164 Aul.
1681 2125 1780 2166 371.

421 2198 615 2248 Ἑλλάδος
646 2199 801 2256 μάλιστ’
833 2201 951 2254 ἔγωγε
985 2203 1051 2246 τῆς
1085 2197 1329 2257 ταλαιπώρου
1360 2197 1505 2250 στένω,
1537 2195 1611 2236 ubi
1642 2197 1784 2251 potuit

417 2272 537 2327 τύχην
568 2271 752 2312 scribere
781 2284 860 2325 pro
891 2270 1069 2326 μα).ιστ’;
1104 2269 1174 2310 cui
1202 2282 1287 2308 non
1318 2267 1457 2308 obstat
1487 2266 1668 2322 parodia
1697 2267 1782 2307 Eu-

416 2343 506 2383 buli
535 2342 653 2397 apud
680 2341 837 2382 Athen.
863 2357 907 2396 p.
931 2341 1030 2382 569.
1060 2355 1097 2381 a.
1128 2341 1204 2395 qui
1231 2340 1382 2380 omisso
1407 2337 1564 2395 μάλιστ’
1594 2337 1784 2378 iambum

416 2414 540 2463 fecit,
575 2427 655 2454 nec
686 2414 808 2453 aliter
839 2413 980 2454 facere
1009 2417 1202 2468 poterat,
1241 2411 1271 2450 si
1304 2410 1532 2466 parodiam
1563 2408 1783 2449 obscurari

416 2484 603 2525 nolebat.
659 2484 743 2524 Sed
780 2483 864 2524 hoc
900 2497 987 2524 non
1018 2496 1170 2538 urgeo:
1215 2481 1478 2521 concedetur
1507 2480 1618 2520 enim
1648 2479 1778 2528 mihi,

421 2556 550 2610 genit.
590 2561 655 2604 τῆς
685 2556 804 2611 τύχης
834 2557 878 2595 in
909 2555 1269 2595 Phoem'ssarum
1308 2566 1429 2594 versu
1458 2551 1652 2592 rarissimi
1684 2565 1783 2591 usus

421 2640 534 2674 csse,
575 2628 770 2681 quamvis
808 2627 1003 2667 iunctum
1045 2624 1182 2666 verbis
1222 2623 1423 2663 affectum
1461 2622 1589 2663 animi
1618 2621 1778 2676 signifi-

417 2697 634 2737 cantibus:
677 2704 842 2753 quanto
875 2697 1009 2752 magis
1038 2710 1137 2736 cum
1170 2694 1270 2750 ἐπῄει
1302 2693 1481 2753 ὃάκρυαῑ
1526 2694 1585 2733 De
1621 2691 1777 2749 δάκρυα

420 2772 483 2814 τῆς
516 2768 633 2822 τύχης
660 2767 932 2822 respondebit
954 2767 1275 2821 Peerlkampius
1298 2766 1352 2806 ad
1370 2765 1488 2819 Virg.
1502 2764 1606 2804 Aen.
1626 2762 1659 2802 Ι.
1678 2761 1775 2802 462.
