2020 3326
643 249 1206 293 COMMENTARIUS.
1537 250 1619 291 153

242 387 348 442 quin
375 387 495 442 apud
521 386 707 428 Graecos
742 388 786 428 in
823 400 897 427 ore
927 386 1127 428 habuerit
1158 387 1274 430 καλὸν
1297 386 1435 436 ὄνειδος
1472 387 1505 427 is
1541 386 1619 442 qui

248 459 490 499 convicium
522 460 730 499 refelleret
761 459 820 498 rei
851 474 984 514 quam
1017 459 1095 500 sibi
1126 461 1269 516 potius
1298 460 1451 501 honori
1485 459 1619 499 duce-

244 537 330 570 ret:
374 531 418 571 in
456 544 546 585 quo
585 531 762 587 dignum
799 537 860 570 est
897 530 1219 581 observatione,
1255 532 1491 588 proverbii
1524 531 1622 571 loco

244 602 370 641 fuisse
413 616 603 643 versum:
653 604 826 662 γαστέρα
870 619 931 659 μοι
973 604 1166 663 προφέρεις
1179 639 1196 660 ,
1238 604 1443 646 κάλλιστον
1483 601 1621 650 ὄνειδος

246 675 461 728 ἁπάντων,
493 688 582 728 quo
614 674 839 714 manifesto
872 675 927 715 ad
959 682 1226 715 constantem
1258 690 1380 716 usum
1412 675 1517 716 dicti
1547 692 1622 716 κα-

247 745 309 786 λὸν
331 744 466 794 ὄνειδος
494 746 734 801 respicitur.
780 746 941 798 Quidni
963 746 1094 802 igitur
1124 747 1349 788 credamus
1375 747 1526 787 eodem
1557 760 1624 786 re-

244 818 353 873 spici
384 818 428 857 in
457 831 603 866 versu,
637 817 690 857 de
721 830 811 872 quo
843 818 1030 873 agimus:
1063 825 1103 859 et
1134 819 1176 859 in
1208 819 1362 876 Iplzig.
1388 818 1491 874 Aul.
1520 817 1622 859 305.

247 889 364 930 καλόν
395 890 438 945 γέ
471 906 532 945 μοι
563 887 745 937 τοῦνειδος
767 887 1026 939 έξωνείὸισαςε
1059 890 1300 945 eademque
1326 889 1624 931 observatione

246 968 418 1001 utamur
450 961 505 1000 ad
535 961 841 1015 explicandum
870 962 913 1001 in
930 962 1066 1017 Soph.
1085 961 1210 1002 Pla'l.
1227 961 1328 1004 475.
1356 961 1413 1003 σοι’
1437 960 1497 1018 δ’,
1528 961 1625 1003 έκλι-

249 1034 355 1075 πόντι
395 1033 497 1074 τοῦτ’
532 1031 670 1081 ὄνειδος
702 1032 743 1075 οὐ
776 1033 922 1088 καλόν,
966 1033 1041 1074 ubi
1081 1033 1209 1075 verba
1252 1033 1293 1075 οὺ
1325 1034 1442 1076 καλόν
1481 1041 1623 1074 osten-

247 1105 356 1145 dunt
379 1104 492 1145 lianc
525 1118 610 1145 esse
638 1106 913 1145 sententiam:
948 1105 1033 1145 tibi
1061 1119 1166 1145 vero
1194 1105 1304 1145 haec
1328 1121 1419 1145 non
1433 1105 1624 1160 facien-

247 1179 288 1217 ti
310 1179 398 1217 erit
425 1176 733 1231 opprobrium,
767 1176 891 1231 quod
912 1190 1132 1216 excusare
1157 1191 1247 1215 non
1268 1178 1448 1231 poteris
1474 1177 1625 1217 (licen-

247 1249 302 1289 do
339 1248 455 1290 20.)ch
484 1246 622 1296 ὄνειδος
654 1261 776 1287 esse:
810 1254 849 1287 et
880 1248 924 1287 in
953 1246 1169 1301 Euripidis
1197 1246 1379 1296 Medea,
1411 1247 1510 1288 514.
1550 1239 1639 1290 καᾸ

249 1321 310 1362 λό’]
332 1321 369 1378 γ’
382 1319 517 1368 ὄνειδος
539 1325 594 1377 τῷ
617 1317 747 1361 νεωστὶ
770 1319 934 1378 νυμφίῳ,
966 1318 1158 1375 Πτωχοὺς
1181 1318 1350 1361 ἀλᾶσθαι
1373 1318 1520 1368 παῖδας
1540 1321 1621 1363 κτέ.

249 1400 295 1434 ut
324 1394 401 1442 sit,
436 1406 535 1432 cum
566 1390 723 1431 acerba
750 1391 910 1431 ironia:
945 1391 1025 1431 hoc
1050 1390 1262 1447 profecto
1290 1392 1498 1432 decorum
1529 1399 1620 1443 est,

247 1464 492 1519 habetque,
533 1464 576 1502 si
606 1465 689 1517 qui
705 1461 839 1517 forte
869 1465 1153 1518 vituperent,
1180 1469 1403 1518 paratam
1435 1479 1624 1505 excusa-

248 1538 437 1576 tionem:
466 1534 582 1576 καλὸν
604 1532 762 1582 &meo-g:
793 1534 836 1574 in
861 1534 1090 1590 Sophoclis
1112 1534 1300 1590 denique
1332 1534 1436 1575 Oed.
1461 1536 1502 1576 T.
1522 1534 1623 1576 441.

247 1607 389 1649 τοιαῦτ’
422 1606 590 1662 ὀνείδιζ,
620 1604 671 1654 οἷς
701 1606 758 1662 ἔμ’
792 1605 954 1665 εὑρήσεις
986 1606 1138 1662 μέγαν5
1171 1607 1197 1646 i.
1234 1620 1272 1646 e.
1309 1621 1399 1646 non
1428 1609 1623 1648 interce-

245 1680 300 1720 do
342 1694 429 1735 quo
468 1681 619 1719 minus
658 1680 890 1734 vituperes
925 1679 996 1727 icl,
1041 1678 1166 1733 quod
1198 1679 1311 1718 milet
1340 1677 1454 1720 καλὸν
1484 1678 1625 1728 ὄνειδος

249 1757 332 1793 est.
366 1775 417 1782 —
448 1750 722 1806 Perpendant
753 1750 880 1791 velim
909 1750 986 1791 viri
1018 1750 1158 1800 docti;
1193 1749 1296 1789 mihi
1327 1750 1504 1804 quidem
1535 1765 1624 1792 cer-

247 1829 339 1862 tum
366 1828 425 1862 est
452 1822 495 1862 in
516 1821 806 1871 Phoenissis,
836 1836 894 1863 vs.
921 1822 1045 1864 1735.
1070 1821 1234 1879 Σφιγγὸς
1255 1821 1392 1870 ὄνειδος
1421 1823 1531 1862 male
1558 1836 1625 1863 ex-

246 1894 399 1949 plicat-i
432 1893 654 1950 Sphingis
687 1893 849 1934 decus:
892 1894 1022 1933 immo
1062 1894 1274 1943 dedecus,
1316 1894 1622 1934 calamitatem

249 1964 354 2004 dicit
376 1964 610 2019 Antigone,
640 1964 879 2020 intelligens
906 1964 1108 2020 Sphingis
1131 1971 1410 2005 monstrosam
1440 1965 1621 2006 formam

249 2035 426 2089 eiusque
467 2035 663 2088 aenigma.
699 2036 923 2075 exitiosum
957 2035 1076 2085 urbi,
1123 2037 1244 2076 cuius
1284 2036 1538 2076 solutionem
1581 2044 1621 2077 et

251 2106 429 2162 gloriam
475 2105 630 2161 Oedipi
672 2107 895 2161 sequentia
936 2107 1109 2147 demum
1154 2108 1524 2163 complectuntur:
1570 2110 1622 2151 τὰ

252 2181 375 2237 παρος
405 2177 643 2234 εὐτυχήματ’
676 2177 830 2219 ewulm:
872 2178 1033 2218 Eadem
1066 2179 1195 2233 plane
1230 2180 1462 2228 sententia,
1499 2180 1621 2234 quod

249 2251 380 2290 miror
402 2250 764 2292 Valckenaerium
785 2263 872 2289 non
899 2249 1143 2298 advertisse,
1174 2249 1410 2304 Aeschylus
1428 2250 1472 2290 in
1496 2249 1617 2306 Sept.

250 2322 314 2362 ad
335 2319 414 2362 le.
444 2321 544 2361 521.
572 2327 700 2361 vocat
718 2320 953 2376 Sphingem
984 2320 1025 2361 τὸ
1056 2321 1198 2370 πόλεως
1231 2321 1384 2370 ὄνειδος.
1411 2346 1468 2352 —
1495 2323 1617 2363 Faci-

248 2394 287 2433 le
314 2393 393 2433 suit
415 2392 623 2447 suspicari
650 2392 888 2446 antiquitus
917 2392 1053 2440 ὄνειδος
1082 2393 1208 2433 fuisse
1238 2393 1499 2434 vocabulum
1527 2409 1618 2436 me-

247 2465 388 2513 dium,
434 2464 652 2504 difficilius
690 2477 791 2504 vero
834 2477 884 2503 ex
919 2464 1209 2519 antiquissima
1242 2465 1359 2519 poesi
1386 2466 1451 2506 vel
1483 2480 1617 2507 unum

251 2536 495 2592 exemplum
541 2534 691 2575 afferre
737 2535 827 2574 eius
867 2534 1070 2575 vocabuli
1115 2542 1154 2575 et
1182 2535 1415 2576 verborum
1459 2540 1617 2594 ὅνομαι,

254 2609 454 2663 ὀνοτάζω,
497 2606 618 2663 quod
649 2607 771 2646 istam
800 2607 1084 2661 suspicionem
1116 2607 1404 2648 confirmaret.
1448 2609 1508 2649 Ne
1539 2614 1618 2652 ὅνο-

255 2698 310 2737 μα
341 2680 517 2735 quidem
550 2685 589 2719 et
623 2683 723 2737 φήμη
755 2685 795 2718 et
825 2678 928 2727 κλέος
957 2693 1164 2734 umquam
1191 2679 1235 2724 in
1264 2681 1421 2720 malam
1447 2689 1617 2738 partem

255 2758 518 2808 usurpantur
548 2751 636 2792 sine
667 2751 837 2792 adiecto
864 2753 979 2794 κακόν
990 2786 1006 2807 ,
1039 2751 1200 2812 αἰσχρόν
1230 2752 1294 2793 vel
1320 2752 1469 2802 simili,
1499 2754 1619 2810 quod
