2020 3326
565 247 1124 289 COMMENTARIUS.
1448 251 1533 291 225

167 390 307 447 potuit
340 395 426 429 tam
459 387 512 428 de
545 386 726 427 Eteoelis
756 379 899 441 gladio
928 386 1080 441 vagina
1111 387 1332 428 recondito
1359 388 1422 429 vel
1454 388 1533 428 liu-

167 463 224 502 mi
258 462 502 508 adiacente,
537 473 669 514 quam
696 458 749 497 de
780 458 992 512 Polynieis
1023 458 1066 498 in
1098 458 1270 499 alterius
1302 460 1531 501 visceribus

171 534 389 574 haerente.
427 531 595 572 Nihilne
626 530 669 570 in
700 529 763 569 his
793 529 934 569 dill'ert
966 528 1006 570 ἐκ
1037 544 1059 570 a
1091 531 1233 589 παρείὶ)

232 605 356 648 1471.
401 604 473 645 κάν
505 600 600 661 τῷδ’
633 599 821 651 ὑπεξῆλθ’
855 601 1049 659 ’Λντιγόνη
1079 607 1247 663 στρατοῦ
1279 603 1392 660 δίχα.
1429 604 1532 644 Pro-

171 677 335 732 seripsit
362 676 478 716 hune
504 688 669 716 versum
692 674 1051 724 Valet-ennesius,
1081 676 1211 716 tuitus
1240 682 1298 716 est
1327 677 1533 717 Herman-

170 763 261 788 nus.
303 748 379 788 Ille
410 748 519 787 inter
549 746 630 786 alia
662 747 877 801 argutiora
909 746 1016 786 haec
1046 747 1372 802 prudentissime
1403 746 1531 788 dissc-

165 821 272 860 ruit:
319 820 383 860 »si
412 818 583 859 seorsim
616 817 670 858 ab
702 817 792 858 aliis
824 817 1013 858 discessit
1042 818 1275 875 Antigone,
1316 821 1535 861 nullamne

171 906 321 933 euram
366 891 518 932 habuit
570 894 646 933 τῶν
689 890 908 949 φιλτάτων,
954 891 1210 932 cadaverum
1252 892 1536 932 fraternorum

174 972 214 1004 et
240 964 406 1012 matris,
442 963 495 1003 de
524 977 600 1003 sua
632 969 797 1003 tantum
828 964 911 1003 vita
944 963 1012 1004 vix
1044 964 1158 1004 vitali
1192 964 1302 1004 mafe
1332 964 1538 1005 sollicita?

174 1035 487 1090 Quaecumque
512 1040 656 1074 narrat
687 1034 843 1084 Poeta,
873 1035 1012 1090 spatio
1038 1034 1281 1077 brevissimo
1309 1044 1540 1077 evenerunt

174 1107 313 1148 caet.”
360 1107 477 1147 Haec
511 1120 598 1146 non
626 1106 810 1146 refutata
840 1113 938 1146 sunt
966 1107 1195 1147 Hermanni
1224 1107 1380 1148 verbis:
1417 1126 1431 1145 »
1455 1107 1539 1148 An·

175 1179 363 1235 tigonam
400 1178 548 1219 abiisse
588 1178 825 1218 necessario
865 1185 954 1218 erat
991 1180 1439 1228 commemorandum,
1486 1195 1540 1221 ne

173 1252 291 1307 virgo
334 1251 460 1291 etiam
502 1275 557 1280 —
594 1251 704 1290 inter
738 1257 978 1305 pugnantes
1020 1250 1225 1291 adstitisse
1257 1251 1534 1292 videretur:'’

175 1336 318 1378 neque
363 1322 427 1362 his
464 1320 712 1361 Firnhaberi
754 1321 781 1360 l.
810 1321 852 1360 d.
894 1337 938 1376 p.
973 1321 1066 1362 113.
1122 1322 1326 1362 »Secedit
1362 1323 1539 1379 quidem

177 1393 388 1449 Antigone
417 1406 466 1432 ex
493 1392 679 1432 tumultu
703 1393 1007 1448 pugnantium,
1040 1392 1115 1435 sed
1138 1394 1363 1435 victoriam
1391 1409 1542 1452 exspe-

178 1471 284 1514 ctat,
322 1471 367 1504 ut
399 1464 554 1504 deinde
586 1463 797 1505 cadavera
829 1464 1073 1520 sepelienda
1107 1466 1270 1506 curet.'’
1311 1466 1540 1508 Sciebatne

174 1537 385 1593 Antigone
414 1535 638 1576 Thebanos
666 1536 847 1578 victores
882 1536 1004 1577 fore?
1041 1537 1149 1592 quid
1179 1538 1211 1578 si
1238 1538 1538 1580 vincerentur?

174 1608 320 1648 Differt
360 1607 536 1664 quidem
575 1608 746 1664 ingenio
779 1608 991 1663 Antigone
1023 1609 1238 1665 Euripidis
1271 1609 1325 1650 ab
1366 1608 1540 1667 Sopho-

176 1681 293 1729 clea,
335 1694 452 1720 nune
493 1693 592 1721 vero
628 1680 672 1721 in
712 1680 795 1720 hac
832 1681 1145 1722 carissimorum
1182 1681 1336 1731 caede,
1383 1682 1542 1737 quibus

178 1752 306 1792 modo
336 1765 505 1808 gemens
531 1751 828 1802 incumbebat,
860 1750 978 1793 haud
1002 1760 1288 1809 congruenter
1315 1761 1433 1795 tanto
1460 1755 1540 1795 do-

179 1825 256 1865 lori
287 1824 457 1880 ipsique
489 1830 669 1864 naturae
700 1825 897 1880 periculo
929 1839 971 1865 se
1002 1825 1217 1866 subducit.
1266 1826 1354 1866 Nec
1383 1827 1539 1867 intelli-

178 1910 232 1952 go
262 1895 346 1936 hoe
375 1896 628 1936 Hermanni:
665 1895 957 1952 »Antigonam
987 1898 1146 1939 salvam
1179 1898 1354 1939 evasisse
1379 1911 1429 1938 eo
1459 1900 1538 1939 mi-

175 1981 254 2008 nus
282 1966 424 2022 potuit
456 1967 699 2022 praeteriri,
734 1967 855 2023 quod
884 1968 1017 2023 paulo
1052 1975 1148 2024 post
1177 1969 1268 2024 ipsa
1298 1983 1396 2010 eum
1424 1984 1540 2011 mor-

177 2045 349 2078 tuorum
392 2038 644 2093 corporibus
684 2039 728 2079 in
768 2053 939 2079 scenam
968 2040 1156 2095 prodit.’'
1209 2041 1251 2080 Si
1282 2042 1414 2096 paulo
1444 2050 1542 2098 post

178 2111 293 2150 salva
324 2109 497 2164 prodit,
542 2116 708 2150 constat
745 2124 838 2150 eam
876 2111 1036 2152 salvam
1067 2112 1263 2153 evasisse:
1308 2113 1415 2167 quid
1448 2129 1538 2154 am-

177 2181 322 2238 plius?
357 2195 457 2221 nam
486 2187 654 2221 mortua
691 2181 864 2236 prodire
897 2197 984 2223 non
1023 2190 1217 2238 poterat:
1262 2185 1427 2240 reliqua
1464 2200 1539 2226 co-

181 2253 356 2310 gitanda
395 2259 515 2292 erant
549 2252 718 2293 attentis
748 2253 1061 2308 spectatoribus
1093 2260 1133 2294 et
1168 2255 1415 2296 lectoribus.
1456 2258 1540 2298 Sed

181 2330 398 2380 expuncto
439 2323 524 2364 hoc
564 2338 685 2365 versu
729 2331 872 2365 tantae
915 2325 1189 2366 difficultates
1227 2328 1442 2378 oriuntur,
1494 2337 1540 2370 ut

177 2396 283 2437 nihil
314 2395 472 2437 moveri
502 2401 699 2451 praestet.
745 2394 967 2437 Caeterum
998 2411 1085 2438 non
1115 2398 1325 2454 significat
1358 2401 1542 2442 nuncius

180 2468 438 2524 Antigonam
478 2467 697 2508 labentem
736 2467 900 2508 abiisse.
950 2468 1109 2520 Quidni
1144 2484 1241 2510 eum
1277 2471 1543 2514 auditoribus

182 2539 473 2596 supplendum
511 2540 730 2594 reliquisse
770 2546 991 2595 putemus,
1036 2541 1222 2597 aliquem
1258 2543 1438 2584 militum
1477 2547 1542 2586 vel

186 2612 347 2652 dueum
388 2610 688 2651 Thebanorum
731 2611 838 2652 adeo
879 2611 1115 2653 humanum
1156 2619 1197 2653 et
1228 2614 1543 2658 misericordem

183 2683 329 2732 fuisse,
360 2688 406 2722 ut
431 2684 590 2739 regiam
613 2683 819 2739 virginem
845 2697 896 2724 ex
926 2684 1113 2724 tumultu
1138 2678 1367 2727 rixantium
1393 2694 1433 2728 et
1460 2703 1542 2745 pu-

185 2768 312 2810 gnam
343 2754 670 2796 instaurantium
706 2755 771 2797 vel
804 2755 979 2798 invitam
1010 2755 1276 2797 abduceret?

1253 2827 1315 2874 15
