2020 3326
508 273 587 314 198
907 268 1466 312 COMMENTARIUS.

504 407 752 462 aliquando
783 405 968 452 leceebh‘,
1004 405 1137 459 idque
1167 417 1255 445 non
1284 406 1511 445 convenire
1539 406 1582 445 in
1609 415 1872 461 praesentem

501 480 661 518 locum.
710 478 847 518 Recte
889 483 1031 516 autem
1069 475 1346 531 reprehendit
1382 476 1651 516 Hermannus
1684 477 1872 519 Valcke-

502 549 719 597 naerimn,
752 549 1008 603 monuitque
1033 551 1239 607 qodog‘per
1268 561 1310 587 se
1342 548 1527 602 positum
1554 562 1791 603 numquam
1821 551 1874 588 si-

503 619 711 675 gnificare
742 618 1000 660 hodiernum
1033 619 1172 667 diem,
1212 625 1285 658 aut
1316 632 1516 673 praesens
1548 625 1730 674 tempus.
1775 619 1876 660 Mihi

501 690 672 731 videtur
710 689 898 739 Chorus,
929 689 1006 744 qui
1036 690 1294 745 profectioni
1329 690 1521 730 locastae
1552 691 1730 745 eiusque
1761 690 1877 730 filiae

503 762 663 810 adfuit,
701 774 787 801 non
826 761 1154 802 accommodate
1182 775 1305 817 posse
1333 762 1591 802 confirmare
1618 763 1768 802 fratres
1794 776 1876 817 pu·

500 839 728 889 gnatur08‚
770 833 848 873 nisi
879 832 1018 872 obiter
1059 839 1173 872 certe
1205 832 1416 888 significet
1447 833 1644 873 mulieres
1674 834 1766 874 illas
1807 848 1876 873 se-

501 919 554 945 ro
597 907 647 945 in
686 910 842 945 eastra
884 905 1189 945 adventuras:
1233 904 1348 944 unde
1385 904 1445 944 sic
1484 905 1721 961 corrigam:
1763 908 1881 964 κρινεῖ

499 978 661 1037 φθάσας
693 976 734 1018 τὸ
766 975 901 1032 μέλλον
930 980 1102 1034 ἄποτμος
1127 979 1297 1031 ἄποτμος
1318 976 1336 1017 ὁ
1359 977 1465 1034 φόνος
1509 975 1590 1018 κτὲ.
1638 976 1735 1028 Quo
1761 976 1878 1016 facto

500 1050 704 1105 respiciat
735 1050 896 1108 φθάσας
929 1049 1122 1089 inutilem
1155 1048 1348 1089 locastae
1380 1048 1719 1096 festinationem,
1763 1061 1878 1102 quae

505 1120 632 1164 1287.
660 1121 786 1161 dixit:
817 1122 861 1166 ἣν
892 1120 958 1178 μὲν
989 1121 1202 1179 φθάσω,
1234 1121 1414 1176 ipseque
1440 1118 1606 1159 Chorus
1626 1118 1749 1159 1336.
1774 1117 1879 1160 δοκεῖ)

500 1192 539 1235 δ’
565 1195 700 1250 ἀγῶνα
731 1219 788 1224 -—
821 1192 916 1241 ἤδη
949 1193 1216 1252 πεπρᾶχθαι,
1259 1191 1439 1231 eandem
1469 1190 1657 1245 denique
1688 1189 1745 1230 ob
1775 1204 1878 1230 cau-

503 1279 591 1305 sam
623 1266 759 1305 idem:
806 1265 998 1321 σχεὸόν
1032 1265 1164 1320 τύχα,
1207 1263 1364 1310 πέλας
1397 1265 1530 1322 φόνος,
1563 1269 1603 1302 et
1641 1262 1760 1304 πέσεα
1792 1261 1877 1303 δάϊ’

503 1338 674 1394 αὐτίχ’
707 1336 933 1394 αἱμάξετον.

567 1408 678 1451 1316
707 1423 772 1464 sq.
813 1410 856 1454 ἣν
888 1406 995 1467 πέριξ
1031 1409 1112 1464 ἔχει
1142 1410 1244 1466 νεζοος
1275 1408 1471 1461 Τοιοῦτον,
1502 1410 1593 1454 ὢςτε
1625 1404 1675 1448 δι’
1698 1405 1879 1465 Ἀχέρον-

509 1500 572 1531 τος
605 1483 710 1524 ἶέναι.
754 1481 969 1521 Klotzius:
1013 1479 1194 1530 »Quum
1225 1492 1409 1519 summas
1440 1477 1636 1518 tenebras
1665 1477 1879 1533 significa-

504 1569 550 1595 re
586 1554 766 1601 vellent,
815 1552 943 1592 etiam
982 1551 1118 1591 Latini
1150 1556 1304 1605 poetae
1337 1549 1594 1595 Acherusjas
1635 1549 1878 1589 dixerunt.’'

503 1625 698 1678 Quidni?
738 1623 811 1664 sed
836 1637 923 1663 non
955 1622 1039 1662 hoc
1070 1622 1222 1677 agitur.
1267 1620 1387 1675 Opus
1418 1626 1478 1660 est
1505 1620 1613 1660 scire
1639 1619 1711 1659 ubi
1743 1618 1875 1659 Grae-

506 1699 547 1739 ci
576 1698 717 1754 ipsum
748 1694 1043 1736 Acherontem
1078 1692 1260 1734 dixerint
1290 1705 1372 1746 pro
1401 1691 1622 1739 tenebris,
1659 1697 1751 1731 tum
1783 1704 1877 1735 sen-

506 1769 684 1809 tentiam
726 1766 952 1810 verborum
989 1765 1235 1820 explorare,
1278 1763 1331 1803 de
1366 1777 1453 1818 qua
1487 1762 1621 1802 tacuit
1652 1762 1875 1811 Klotzius‚

506 1853 776 1896 quamquam
818 1838 1086 1877 Hermannus
1131 1836 1378 1889 scripserat:
1439 1834 1624 1874 »miram
1670 1832 1879 1888 loquendi

505 1913 688 1953 formam
725 1910 783 1950 sic
821 1909 1007 1963 explicat
1039 1921 1148 1947 unus
1179 1906 1540 1946 Scholiastarum:
1590 1909 1681 1953 ὥςτε
1715 1903 1880 1961 διαπέμ-

506 1984 641 2027 πεσθαι
673 1981 740 2023 διὰ
771 1983 836 2022 τοῦ
869 1979 1096 2039 Ἀχέροντος
1128 1979 1195 2023 τὴν
1226 1977 1387 2020 ποἼ.ιν;”
1434 1977 1605 2025 leniter,
1638 1976 1791 2025 credo,
1825 1977 1880 2017 si-

506 2055 717 2112 gnificans
757 2052 987 2093 absurdam
1019 2064 1105 2091 esse
1145 2056 1186 2090 et
1223 2048 1431 2104 loquendi
1463 2049 1643 2089 formam
1674 2054 1714 2088 et
1744 2049 1880 2103 expli-

509 2127 737 2168 cationem.
797 2123 882 2163 Sed
921 2122 1126 2177 explicari
1157 2122 1307 2176 nequit
1349 2121 1471 2160 locus
1521 2133 1652 2175 quem
1684 2120 1875 2162 Valcke-

507 2198 678 2240 naerius
716 2194 980 2252 querebatur
1021 2193 1216 2234 nonnihil
1256 2192 1535 2232 obscuratum
1572 2205 1659 2232 esse
1693 2190 1878 2231 tenebri-

511 2284 612 2311 cosa
642 2266 899 2309 Acherontis
929 2265 1157 2305 mentione.
1213 2265 1293 2306 Vix
1327 2264 1438 2304 enim
1478 2263 1683 2303 credibile
1721 2270 1804 2311 est,
1843 2263 1876 2303 si

510 2341 620 2398 quid
662 2340 715 2380 de
746 2338 991 2379 Acheronte
1025 2336 1237 2376 iniecisset
1278 2335 1526 2390 Euripides,
1567 2347 1617 2374 eo
1656 2348 1744 2375 non
1778 2348 1878 2374 usu-

510 2428 609 2454 rum
646 2412 770 2452 fuisse
811 2410 1043 2457 Senecam,
1087 2408 1130 2448 in
1171 2407 1393 2448 manifesta
1430 2406 1665 2447 imitatione
1697 2412 1875 2454 ornata,

511 2485 684 2526 Phoen.
711 2481 812 2522 394.
852 2481 954 2521 vide
990 2485 1040 2520 ut
1079 2485 1186 2520 atra
1230 2479 1368 2519 nubes
1403 2478 1595 2534 pulvere
1633 2477 1880 2517 abscondat

512 2557 657 2605 diem,
701 2554 930 2608 fumoque
981 2551 1154 2592 similes
1195 2565 1381 2606 campus
1426 2552 1477 2591 in
1519 2549 1688 2590 coelum
1733 2550 1882 2604 erigat

511 2627 728 2668 nebulas:
781 2632 822 2665 et
874 2631 1014 2664 tamen
1063 2637 1114 2663 ex
1152 2623 1245 2678 ipsa
1286 2622 1369 2663 hac
1420 2620 1655 2661 imitatione
1697 2626 1880 2675 apparet

511 2701 612 2757 νέφος
640 2712 719 2738 nec
750 2695 1092 2751 comparandum
1125 2708 1210 2734 esse
1242 2708 1339 2734 cum
1367 2708 1424 2735 vs.
1449 2693 1548 2733 252.
1582 2690 1679 2749 ἀμφὶ
1711 2689 1755 2732 δὲ
1785 2693 1879 2733 πτό-

510 2770 564 2813 λιν
595 2773 696 2829 νέφος
729 2767 903 2810 ἀσπίδων
933 2767 1069 2811 πυκνὸν
1098 2767 1223 2825 φλέγει
1235 2801 1252 2822 9
1283 2779 1363 2807 nec
1394 2778 1493 2805 cum
1524 2762 1627 2803 IIec.
1653 2761 1751 2804 907.
1784 2762 1876 2806 Ἑλ-
