2020 3326
361 223 403 249 w
819 193 1257 238 PRAEFATIO.

362 355 541 384 mannus
578 341 619 380 in
650 336 917 378 Praefatione
950 331 1094 371 nescio
1130 343 1220 385 qua
1258 328 1310 368 de
1348 341 1477 368 causa
1511 328 1721 381 importu-

361 429 456 469 nius
488 440 538 466 ac
567 426 739 465 fortasse
778 424 946 475 praeter
982 415 1179 455 intimum
1222 413 1349 453 animi
1387 426 1554 452 sensum
1595 411 1723 451 disse-

363 513 460 554 ruit.
500 511 653 564 ltaque
685 502 998 546 Commentario
1030 513 1130 539 usus
1161 512 1274 546 sum,
1314 504 1362 538 ut
1390 498 1434 537 in
1461 496 1724 552 singulorum

361 593 710 650 interpretatione
736 590 928 629 locorum
944 619 952 635 ‚
985 585 1062 641 qui
1087 585 1332 625 Hermanno
1356 583 1411 623 ad
1437 581 1726 624 vellicandum

363 678 721 725 Valckenaerium
765 687 910 714 ansam
949 670 1186 719 dederunt,
1228 669 1461 709 dissensum
1501 681 1642 708 meum
1673 667 1728 706 si-

364 766 626 824 gnificarem.
667 761 804 816 Saepe
830 758 942 798 enim
961 756 1112 799 Virum
1141 754 1464 796 celeberrimum
1487 752 1727 808 deprehen-

363 852 463 892 dere
494 848 594 889 mihi
626 847 737 887 visus
766 857 882 884 cram
913 843 957 882 in
987 842 1078 896 ipsa
1109 839 1579 883 Valckenaerianorum
1610 851 1729 878 acer-

364 937 420 978 ba
447 934 703 976 refutatione
731 935 955 970 errantem.
993 927 1110 967 Haec
1136 925 1302 966 notavi:
1337 923 1481 964 deberi
1506 923 1617 963 enim
1643 922 1727 962 hoc

366 1020 576 1079 putabam
600 1016 797 1059 manibus
828 1014 929 1063 viri,
966 1013 1087 1053 cuius
1116 1017 1287 1066 praeter
1315 1010 1539 1049 immensas
1570 1007 1732 1047 doctri-

367 1121 448 1148 nae
465 1105 613 1162 copias
644 1101 890 1158 »egregium
917 1097 1165 1154 ingenium’'
1191 1096 1459 1136 Hermannus
1487 1095 1577 1149 ipse
1606 1106 1733 1148 prae-

368 1193 600 1233 dicaverat.
633 1188 763 1228 Multa
779 1218 788 1235 ,
816 1186 972 1232 fateor,
993 1184 1036 1223 in
1055 1182 1194 1238 prima
1217 1180 1576 1221 commentatione
1601 1178 1734 1234 paulo

371 1278 546 1318 duriora
597 1273 955 1327 conscripseram:
1010 1268 1118 1308 haec
1169 1280 1269 1308 vero
1316 1264 1493 1325 δεύτεραι
1535 1262 1733 1324 φροντίδες

372 1361 691 1420 praeciderunt.
735 1341 901 1398 Etenim
931 1356 974 1395 in
1002 1354 1148 1409 primis
1181 1366 1332 1393 cavere
1362 1352 1501 1400 volui,
1532 1364 1585 1391 ne
1617 1364 1735 1390 eom-

374 1450 585 1490 mittcrem
617 1458 716 1501 erga
747 1428 1060 1489 Hei-mannum,
1105 1438 1226 1494 quod
1252 1437 1323 1478 hic
1354 1438 1398 1477 in
1426 1435 1738 1479 Valckenaerio

380 1532 630 1589 castigando
672 1527 905 1569 identidem
945 1525 1152 1565 commisit
1192 1530 1238 1563 ut
1272 1523 1427 1562 tirones
1465 1521 1518 1562 ab
1555 1521 1636 1561 illis
1672 1534 1738 1560 re·

378 1620 577 1662 conditae
624 1615 846 1656 doctrinae
889 1611 1096 1652 thesauris
1135 1608 1361 1664 repelleret
1396 1608 1563 1663 potius,
1606 1620 1739 1661 quam

381 1707 556 1747 doceret
590 1716 678 1758 quo
711 1700 842 1740 modo
873 1699 920 1738 iis
956 1696 1165 1737 utendum
1195 1696 1266 1743 sit,
1316 1693 1431 1733 salva
1471 1692 1741 1733 veneratione

379 1805 493 1847 quae
534 1786 800 1846 principibus
839 1785 936 1825 viris
975 1783 1208 1831 debeatur,
1241 1787 1282 1820 et
1309 1792 1447 1834 aequa
1478 1778 1743 1833 honestaque

382 1890 574 1918 errorum
602 1871 944 1930 reprehensione.
994 1868 1058 1908 Me
1087 1872 1202 1907 certe
1229 1866 1313 1906 hoc
1344 1863 1541 1911 decebat,
1575 1863 1650 1918 qui
1678 1862 1743 1903 fa—

384 1962 538 2002 cillime
580 1960 624 2000 in
665 1971 807 1998 rerum
845 1961 1216 1996 controversarum
1255 1949 1566 2004 disceptatione
1605 1954 1644 1987 et
1681 1961 1748 1987 ex-

383 2046 608 2103 pediendis
647 2040 972 2084 difficultatibus
1002 2038 1089 2079 labi
1124 2032 1289 2093 possem
1320 2041 1359 2075 et
1394 2047 1745 2088 nonnumquamq

388 2140 434 2173 ut
452 2145 616 2179 vercor,
650 2130 793 2184 lapsus
819 2128 918 2175 sim,
950 2125 1116 2181 quique
1149 2137 1200 2163 ex
1230 2121 1451 2175 utriusque
1478 2119 1554 2159 viri
1584 2119 1751 2173 scriptis

392 2218 652 2264 didicissem,
700 2228 788 2270 qua
832 2214 899 2257 via
932 2212 975 2251 in
1014 2210 1078 2250 his
1122 2208 1249 2249 literis
1288 2205 1478 2247 colendis
1511 2204 1750 2259 ingredien-

394 2304 498 2344 dum
531 2303 603 2350 sit,
639 2301 715 2356 qui
746 2311 906 2340 errores
936 2295 1116 2337 vitandi.

453 2387 672 2427 Klotzium
701 2391 900 2440 expertus
928 2389 988 2424 est
1007 2382 1272 2422 Hermannus
1301 2382 1376 2420 τῶν
1402 2375 1517 2418 αὑτοῦ
1539 2374 1660 2430 λόγων
1689 2390 1753 2414 κο-

399 2472 520 2515 πίὸαε
559 2473 668 2511 inter
698 2484 807 2525 quos
836 2468 1059 2516 incedens,
1105 2479 1242 2521 quum
1274 2463 1345 2504 hic
1376 2467 1594 2516 receptam
1624 2459 1757 2500 tradi·

399 2559 558 2598 tionem
594 2554 820 2596 verborum
855 2553 1069 2610 Euripidis
1105 2564 1193 2592 non
1227 2548 1350 2590 nimis
1379 2552 1649 2593 revereatur,
1687 2545 1758 2585 ille

403 2657 456 2683 ne
497 2648 774 2682 transversum
814 2640 989 2695 quidem
1031 2650 1219 2693 unguem
1260 2634 1313 2675 ab
1350 2632 1500 2674 eadem
1530 2631 1755 2679 deflectat,
