2020 3326
382 296 462 337 166
781 291 1343 333 COMMENTARIUS.

378 450 447 489 μαι
477 430 576 489 βίῳ,
611 436 808 485 poterant
841 428 962 467 tueri‘
982 428 1135 468 Davisii
1177 428 1486 468 correctionem
1517 437 1745 472 malvarum

377 518 458 559 pro
501 508 751 549 malaram‚
798 501 839 539 in
883 499 945 538 his
981 498 1073 538 Tib.
1107 497 1314 547 Gracchi,
1369 501 1444 555 qui
1487 501 1634 542 audito
1666 503 1743 543 ha·-

376 574 597 628 ruspicum
630 585 831 627 responso
864 572 1077 625 »aequius
1118 571 1282 610 censuit
1325 585 1367 610 sc
1409 578 1632 612 maturum
1663 586 1744 629 op-

378 651 524 701 petere
550 649 753 691 mortem,
783 656 915 697 quam
939 641 987 682 l'.
1006 641 1195 681 Africani
1223 641 1356 682 filiam
1377 642 1747 685 adoles-oensem.'⁷

438 716 536 758 975.
594 714 781 757 ἀκόλαστ’
813 713 932 761 ἐάσας
975 716 1148 769 μάντεως
1188 714 1473 770 ἒπεσπίσματα,
1516 716 1620 774 φεῦγ’
1664 715 1745 759 κτὲ,

382 788 453 828 Sic
484 787 579 827 libri
613 787 758 842 scripti
787 787 873 826 sere
903 800 1062 826 omnes.
1104 786 1238 825 Aldus
1267 789 1469 842 μάντεων,
1502 788 1622 842 quod
1645 802 1747 843 pro-

380 859 591 900 baverunt
634 858 999 906 Valckenaerhm,
1046 857 1283 906 Porsoims,
1334 859 1626 910 Hermannus,
1662 860 1746 899 alii.

377 931 621 986 Perperam.
665 929 707 969 Si
736 943 906 969 necesse
935 935 1024 969 erat
1052 927 1277 969 Creontem
1305 929 1358 969 de
1385 929 1553 970 vatibus
1576 931 1750 971 omnino

380 1015 617 1056 eorumque
658 1008 748 1041 arte
789 1001 957 1048 dicere,
999 1006 1116 1040 recte
1146 1000 1477 1041 admoverentur
1504 1000 1632 1042 verba
1664 1001 1749 1042 Me-

378 1074 527 1114 noecei
560 1072 678 1128 apud
709 1073 891 1113 Statium
924 1070 1054 1112 Theb.
1083 1072 1143 1120 X,
1180 1072 1271 1113 ll7.
1318 1071 1419 1112 Non
1448 1086 1513 1112 me
1544 1072 1632 1112 ulla·
1659 1086 1750 1112 mo-

380 1148 528 1194 nitus,
566 1159 645 1185 nec
672 1150 824 1184 vatum
853 1157 1017 1184 exorsa
1031 1142 1277 1197 furentum
1302 1141 1578 1184 Sollc'ce‘tcmzl.
1611 1142 1750 1194 Quid-

382 1218 426 1257 ni
460 1216 603 1272 potius
636 1215 907 1256 attendamus
941 1214 1069 1255 verba
1104 1213 1294 1254 Creontis
1324 1214 1427 1254 ibid.
1457 1213 1558 1255 690.
1591 1228 1646 1254 ne
1673 1229 1752 1254 va-

385 1292 445 1337 ίί,
479 1303 534 1328 ne
560 1287 710 1335 erede,
736 1301 882 1342 puer:
924 1300 1037 1341 quae
1068 1286 1197 1325 miror
1228 1286 1588 1328 Valckenaerium
1620 1285 1751 1340 fugis-

383 1373 443 1408 se,
472 1372 553 1399 nec
574 1371 838 1413 quemquam
867 1357 1042 1397 haesisse
1064 1357 1107 1396 in
1130 1357 1370 1411 Euripideis
1386 1389 1394 1405 ‚
1422 1371 1481 1397 VS.
1496 1357 1594 1399 977.
1619 1355 1755 1406 λέξει

385 1432 463 1490 γὰρ
495 1431 642 1490 ἀρχαῖς
683 1428 747 1469 καὶ
780 1428 1066 1488 στρατηλάταις,
1099 1426 1228 1482 τάδε,
1271 1427 1343 1467 ubi
1391 1435 1558 1482 praeter
1596 1441 1757 1468 morem

387 1503 504 1543 deest
534 1502 649 1542 verbi
681 1499 778 1550 λέξει
807 1500 1045 1540 subiectum
1075 1498 1168 1553 ὅδε,
1202 1513 1300 1539 cum
1328 1499 1633 1554 indignatione.
1668 1499 1755 1540 Re·

383 1575 529 1614 stituto
560 1576 762 1630 μάντεως,
804 1572 923 1626 quod
959 1571 1055 1611 Aldi
1091 1571 1221 1625 culpa
1255 1569 1504 1619 exsulabat,
1546 1571 1753 1610 sententia

385 1646 572 1700 expolita
599 1646 698 1685 erit:
727 1644 920 1684 defectus
944 1649 1084 1682 autem
1114 1641 1282 1682 articuli
1310 1640 1647 1695 indignationem
1676 1655 1752 1681 au-

389 1724 474 1773 get.
518 1717 603 1756 Nos
635 1716 838 1757 dicimus:
880 1714 1125 1754 bestommer
1155 1729 1183 1753 u
1216 1715 1309 1752 m'et
1342 1727 1408 1751 om
1437 1712 1490 1752 (le
1523 1713 1753 1767 voorspel-

388 1791 542 1844 lc'ngen
568 1804 658 1828 van
697 1801 833 1828 eenen
864 1785 1159 1839 u12]g·‹:helaa⁷·.
1210 1783 1482 1837 Comparatio
1520 1783 1755 1824 Thebaidis

389 1861 608 1901 Statianae
649 1873 746 1899 cum
787 1858 1058 1898 Phoenissae
1090 1857 1132 1896 in
1169 1855 1390 1911 permultis
1420 1855 1637 1894 utilissima
1669 1862 1754 1904 est,

392 1933 422 1971 si
457 1938 581 1971 caute
611 1930 868 1970 instituatur.
908 1928 1105 1967 Imitatur
1137 1927 1249 1966 enim
1280 1925 1487 1965 nonnulla
1512 1926 1755 1974 Romanus,

393 2003 467 2043 sed
498 2002 651 2042 libere:
682 2002 828 2055 itaque
859 2001 1053 2040 iuvenem
1081 1998 1358 2038 Menoeceum
1384 1997 1484 2036 fecit
1511 1997 1761 2038 vaticinium

393 2074 750 2121 calumniantem,
784 2085 969 2126 quorum
1000 2071 1043 2110 in
1069 2068 1274 2124 Euripide
1302 2067 1405 2108 nihil
1432 2074 1513 2107 est:
1546 2081 1627 2108 nec
1653 2081 1762 2124 opus

396 2152 486 2185 erat
516 2144 645 2185 verba
678 2143 870 2184 Creontis
900 2141 1119 2196 Euripidei
1146 2140 1289 2195 potius
1316 2139 1510 2179 conferre
1541 2152 1639 2179 eum
1670 2153 1762 2181 ver-

392 2217 457 2257 bis
487 2215 700 2256 Menoecei
732 2214 936 2262 Statiani,
980 2225 1112 2267 quam
1150 2225 1249 2251 cum
1281 2208 1472 2250 Creontis
1504 2209 1623 2265 apud
1654 2224 1758 2250 eun-

395 2288 493 2328 dem
524 2287 791 2327 imitatorem.

455 2357 554 2399 981.
618 2359 687 2398 ποῖ
713 2356 816 2401 δῆτα
849 2355 1000 2414 φεύγωῇ
1033 2355 1115 2395 τίνοι
1148 2352 1279 2407 πόλινς
1311 2352 1393 2393 τίνοι
1425 2350 1554 2406 ξένον5
1597 2352 1762 2406 Rogat,-

398 2444 451 2470 ne
482 2430 733 2469 Menoeceus
772 2433 939 2482 patrem
980 2439 1113 2480 quam
1145 2424 1293 2464 urbem
1326 2436 1508 2478 quemve
1550 2422 1760 2476 hospitem

401 2500 593 2556 effugere
627 2498 812 2539 debeat?
846 2498 941 2537 Non
962 2503 1091 2552 puto:
1127 2502 1167 2536 et
1198 2501 1340 2535 tamen
1369 2493 1496 2534 verba
1528 2493 1605 2532 ista
1633 2492 1760 2532 aliam

398 2572 792 2625 interpretationem
821 2582 909 2609 non
935 2568 1134 2623 capiunt,
1168 2566 1245 2606 nisi
1272 2565 1453 2605 multum
1483 2564 1626 2603 fallor:
1660 2577 1759 2603 nam

403 2642 601 2682 dubitare
641 2655 706 2681 me
746 2641 863 2681 haud
903 2640 1058 2680 mirum
1088 2645 1147 2678 est
1188 2638 1230 2677 in
1262 2643 1347 2676 tam
1382 2636 1468 2674 alto
1498 2635 1660 2674 silentio
1692 2635 1765 2674 In-

402 2718 662 2766 terpretum,
706 2725 892 2766 quorum
927 2723 1052 2750 nemo
1083 2709 1230 2749 docuit
1261 2707 1384 2765 φεύγω
1417 2721 1458 2746 σε
1488 2718 1574 2744 esse
1604 2704 1763 2759 confu-

401 2784 477 2837 gio
505 2782 567 2822 ael
594 2787 648 2821 te.
709 2782 881 2832 Quanto
922 2780 1166 2821 accuratius
1202 2778 1307 2818 Aiax
1344 2775 1461 2830 apud
1494 2775 1628 2830 Soph.
1660 2774 1761 2815 985..
