2020 3326
606 224 1164 269 COMMENTARIUS.
1481 233 1565 275 247

205 360 380 409 dentur,
427 362 681 418 signumque
724 364 1013 420 interrogandi
1056 382 1141 409 non
1186 376 1280 423 post
1323 372 1445 412 κακαί
1483 387 1564 427 po-

205 433 392 473 nendum
411 467 419 482 ‚
452 434 525 474 sed
558 442 654 491 post
685 439 893 477 πεσοῦσαν;
929 438 1044 479 unde
1074 441 1266 496 sequitur
1293 445 1435 502 γραῖαν
1464 458 1561 500 pcr-

205 505 335 545 tinere
367 505 421 545 ad
449 520 741 562 praegressum
766 507 981 551 δέσποιναν.
1015 511 1064 551 In
1087 512 1445 556 Phoem‘ssarum
1471 530 1563 557 ver—

202 591 248 615 su
278 584 351 617 aut
383 592 482 618 cum
507 578 819 620 Valckenaerio
856 584 1156 638 corrigendum
1185 593 1351 646 γεραιᾷ,
1394 595 1467 629 aut
1497 605 1562 644 γε-

199 657 313 707 ραιοῖς,
340 650 602 705 iungendum
631 665 729 692 cum
760 654 1044 709 praecedente
1074 661 1229 718 μητρός.
1272 661 1364 701 Hoc
1390 662 1561 716 praese-

203 736 271 771 ro,
317 723 522 777 quoniam
561 736 686 763 omne
726 738 875 765 manus
914 726 1066 784 Oedipi
1100 731 1319 787 epitheton
1349 732 1559 774 hocloco

197 795 379 834 otiosum
409 801 483 834 est.

261 865 383 908 1726.
429 867 567 908 Recte
600 867 786 908 deletum
819 876 878 909 est
910 870 964 911 ab
996 872 1236 915 Hermanno
1266 879 1393 933 ἔχων,
1437 879 1557 934 quod

198 939 239 977 in
270 937 400 979 codd.
434 938 497 978 his
526 938 664 979 verbis
694 940 921 982 adhaeret:
956 945 1079 1000 »ipse
1107 960 1182 1001 pes
1215 947 1391 1004 (inquit)
1426 964 1556 992 voea-

197 1016 266 1050 tur
293 1009 403 1067 ἰσχὺς
434 1010 518 1059 ῶςτ’
551 1012 728 1071 ἄνειρος.”
766 1013 907 1053 Malim
933 1015 1223 1072 interpretari:
1249 1021 1404 1076 pedem
1430 1023 1557 1064 robo-

197 1096 246 1121 re
275 1083 467 1123 similem
500 1086 678 1123 Somm'z'.
727 1084 971 1140 Simplicius
1009 1089 1159 1130 eadem
1199 1098 1239 1131 et
1282 1094 1474 1148 pulcrius
1512 1097 1556 1135 in

197 1154 424 1209 Sophoclis
459 1154 562 1195 Oecl.
592 1154 685 1196 Col.
715 1154 808 1196 183.
840 1159 916 1199 ἕπε’
946 1157 1019 1201 ὧδ’
1050 1162 1216 1221 αμαυρῷ
1246 1164 1378 1223 κώλῳ,
1409 1171 1553 1227 πάτερ,

192 1226 219 1279 ᾇ
249 1226 286 1268 σ’
309 1230 409 1283 ἄγω.

254 1298 375 1341 1728.
438 1298 602 1341 ἐλαύνων
633 1300 693 1341 τὸν
735 1302 876 1359 γέροντ’
918 1303 999 1345 κτὲ.
1056 1306 1199 1357 Quum
1239 1308 1368 1349 lectio
1411 1309 1552 1353 ἐλαύνει

189 1384 277 1411 non
308 1371 396 1411 sine
427 1372 681 1412 auctoritate
715 1373 787 1421 sit,
832 1374 1061 1430 probanda
1097 1379 1230 1420 videri
1265 1388 1407 1436 posset
1447 1396 1551 1424 con-

189 1444 352 1483 iectura
400 1443 699 1485 Valckenaerii
739 1443 931 1503 ἐλαύνειν,
972 1449 1182 1492 infinitivo
1222 1452 1549 1509 indignationis,

189 1514 268 1554 nisi
293 1515 511 1570 antiquior
541 1515 668 1556 lectio
694 1515 858 1560 ἐλαύνων
886 1521 1126 1563 ostenderet
1155 1525 1363 1565 nonnulla
1392 1525 1552 1568 defice-

187 1600 246 1626 re.
299 1586 359 1627 Ea
396 1587 683 1638 Hermannus,
719 1589 867 1632 habita
897 1593 1060 1634 ratione
1090 1596 1238 1645 metri,
1280 1597 1401 1652 quod
1430 1600 1551 1640 resti-

190 1658 398 1699 tuendum
429 1665 577 1714 putat,
613 1661 827 1717 ingeniose
858 1664 1070 1706 coniicere
1101 1674 1281 1709 conatus
1312 1676 1387 1710 est.

250 1730 374 1773 1736.
413 1731 575 1790 Σφιγγὸς
609 1734 803 1793 ἀναφέρεις
837 1735 988 1785 ὄνειδος.
1035 1738 1121 1779 vid.
1152 1746 1242 1780 not.
1274 1740 1330 1781 ad
1358 1740 1459 1782 825.

245 1802 368 1846 1747.
410 1804 558 1846 τάλαιν’
589 1805 666 1861 ἐγὼ
695 1810 789 1862 σοῦ,
820 1811 1004 1865 συγγόνου
1035 1811 1078 1852 θ’
1101 1809 1366 1871 ὑβρισμάτων.
1402 1814 1543 1872 Vulgo

181 1875 457 1917 omittebatur
486 1880 583 1933 σοῦ,
616 1879 737 1920 cuius
763 1887 904 1922 tamen
924 1882 1181 1924 Scholiastes
1209 1886 1388 1928 servavit
1418 1889 1543 1928 vesti-

182 1948 269 2002 gia:
294 1947 443 2003 itaque
466 1950 647 1990 restituit
670 1951 945 2008 Musgravius.
978 1954 1085 1996 Cum
1106 1957 1348 1999 Hermanno
1375 1958 1543 2001 distinxi

183 2025 279 2073 post
303 2023 385 2061 σοῦ.
430 2020 530 2063 Vid.
562 2028 653 2062 not.
686 2023 742 2063 ad
772 2038 833 2064 vs.
864 2024 987 2066 1648.

246 2091 371 2133 1752.
411 2092 493 2141 ἅλις
515 2091 745 2154 ὀδυρμάτων
765 2094 881 2153 ἐμῶν.
918 2098 1059 2138 Herm.
1087 2101 1253 2156 scripsit
1278 2100 1374 2158 ἐμοί.
1409 2103 1540 2145 Editt.

184 2169 282 2203 vett.
326 2163 408 2213 ἅλις
445 2167 588 2222 ἔχουσα
630 2167 857 2227 ὀδυρμάτων
897 2168 1012 2226 ἐμῶν.
1073 2171 1158 2213 Sed
1196 2187 1305 2214 unus
1351 2181 1542 2217 veterum

182 2243 565 2279 commentatorum
593 2246 710 2280 certo
736 2241 836 2297 legit
861 2242 1010 2298 ἔρνεϊ,
1042 2244 1156 2284 unde
1181 2245 1269 2285 eius
1294 2246 1454 2301 duplex
1476 2248 1541 2289 in-

185 2309 430 2363 terpretatio
471 2316 564 2350 orta
600 2317 676 2351 est:
724 2312 807 2362 ἅλις
841 2313 1030 2375 ὠδύροντο
1072 2317 1138 2361 τὴν
1178 2316 1269 2373 ἐμὴν
1299 2316 1540 2377 δυστυχίαν,

184 2379 206 2424 ὴ
236 2379 448 2440 αὐτάρκειά
479 2398 539 2438 μοι
561 2388 636 2424 τῶν
666 2385 815 2440 θρήνων
848 2386 941 2428 ἐστι’.
986 2388 1140 2443 Itaque
1171 2389 1444 2432 scribendum
1477 2395 1539 2434 vi-

183 2451 329 2492 detur:
375 2453 457 2502 ἅλις
495 2456 621 2510 ἔχουσ’
662 2455 918 2517 ὀδυρμάτων,
959 2460 986 2500 i.
1018 2474 1055 2500 e.
1096 2463 1187 2501 iam
1222 2464 1338 2503 satis
1372 2479 1539 2507 mecum

182 2524 419 2573 luxerunt,
452 2527 540 2567 vel:
583 2530 675 2568 iam
704 2533 821 2570 satis
852 2546 974 2572 meas
1003 2533 1212 2587 querelas
1241 2534 1536 2578 audiverunt.-

181 2595 239 2634 sie
280 2595 511 2638 efficaciter
550 2606 724 2655 aptatur
767 2601 874 2643 haec
918 2605 1133 2660 responsio
1177 2607 1370 2661 sequenti
1409 2609 1538 2666 virgi-

180 2667 263 2707 nis:
315 2669 421 2728 κόρον
452 2670 580 2727 ἑ’χουσ’
610 2671 710 2728 ἐμῶν
742 2680 899 2730 κακῶν,
939 2690 1052 2731 quae
1095 2676 1246 2732 prioris
1289 2682 1536 2723 sententiam

182 2739 419 2782 confirmat.
