2020 3326
346 286 427 326 168
737 265 1302 319 COMMENTARIUS.

346 420 520 460 tentiam
561 418 628 461 σὴν
660 414 750 473 πρὸς
783 416 1007 467 κασιγνήτην
1039 409 1192 465 μολών,
1237 423 1368 463 quam
1407 410 1461 448 ad
1494 411 1712 453 relativam

346 490 389 539 ἧς
421 489 567 547 μαστὸν
599 485 760 539 εἷ’),κυσ’,
793 497 906 538 quae
938 482 1159 521 interiecta
1191 486 1264 519 est.

403 560 503 600 994.
549 559 634 600 ἀλλ’
667 558 753 611 εἷα,
785 557 923 613 χώρει·
961 555 1011 608 μὴ
1047 553 1089 594 τὸ
1121 552 1185 593 σὸν
1216 551 1405 592 κωλυέτω.
1452 552 1588 592 Recte
1613 565 1712 591 sane

344 631 603 687 Musgravius
634 629 750 669 hunc
779 641 946 668 versum
980 639 1078 665 cum
1105 623 1280 678 reliquis
1307 637 1328 662 a
1357 623 1585 662 Menoeceo
1612 635 1712 677 pro-

344 702 532 744 nuntiari
574 700 796 741 iudicavit.
862 697 946 737 Sed
983 709 1132 736 vereor
1174 701 1219 733 ut
1257 694 1347 748 ipse
1386 693 1537 734 viderit
1583 707 1715 748 quam

344 773 581 816 necessaria
612 772 863 818 coniiceret,
897 781 1011 823 quae
1040 779 1164 806 nemo
1192 764 1478 805 recentiorum
1504 764 1717 804 editorum

350 845 570 902 explicuit.
613 842 751 883 Creon
782 840 909 881 suasit
938 839 1028 878 filio
1059 844 1105 877 ut
1138 838 1239 892 fuga
1273 835 1499 875 Dodonam
1530 841 1715 890 peteret:

350 931 482 973 quem
506 915 577 955 hic
606 920 728 969 rogat
760 912 875 952 unde
906 910 1109 951 viaticum
1135 907 1361 948 habiturus
1387 907 1452 946 sit.
1490 906 1615 962 »Ipse
1641 919 1719 946 cu-

350 988 457 1029 rabo
490 986 621 1035 tibi,'’
666 984 806 1039 inquit
844 982 998 1023 Creon.
1042 979 1310 1019 Manifestum
1345 984 1487 1018 autem
1517 984 1577 1017 est
1608 977 1721 1017 hanc

353 1058 500 1100 viatici
528 1057 810 1104 mentionem,
838 1054 977 1093 minus
1007 1051 1215 1106 tragicam
1241 1056 1280 1089 et
1310 1049 1364 1088 de
1393 1049 1478 1089 vita
1506 1048 1722 1088 communi

354 1137 563 1177 sumtam,
611 1128 757 1182 aliqua
790 1125 979 1179 indigere
1017 1121 1304 1162 excusatione.
1354 1119 1516 1174 Nempe
1552 1118 1724 1158 interie-

354 1202 412 1242 cit
442 1201 515 1240 illa
542 1198 789 1253 Euripides,
823 1203 870 1236 ut
901 1208 1074 1235 eausam
1101 1191 1278 1232 haberet
1306 1191 1555 1230 Menoeceus
1581 1189 1725 1229 dimit-

355 1272 474 1312 tendi
507 1271 662 1326 patris:
709 1268 851 1308 abesse
894 1272 1036 1306 autem
1073 1264 1190 1304 hune
1228 1262 1422 1311 volebat,
1467 1275 1556 1316 qno
1591 1260 1725 1300 inscio

356 1344 503 1384 locum
536 1346 700 1396 peteret
737 1338 811 1379 ubi
848 1337 1025 1377 Tiresias
1061 1336 1199 1390 ipsum
1231 1333 1509 1374 mactandum
1544 1346 1629 1372 esse
1661 1331 1727 1372 di-

357 1416 505 1456 xisset:
540 1425 629 1467 quo
661 1410 893 1465 respiciunt
923 1408 1067 1463 κλέψας
1101 1406 1262 1463 λόγοισιν
1294 1405 1387 1459 κτὲ,
1420 1418 1477 1444 vs.
1512 1403 1611 1443 996,
1642 1403 1671 1442 i.
1690 1417 1727 1443 e.

348 1486 464 1543 ficto
494 1484 657 1524 viatici
683 1480 922 1521 desiderio.
969 1477 1148 1517 Simulat
1188 1491 1304 1516 nunc
1341 1490 1382 1516 se
1414 1475 1553 1514 statim
1583 1474 1730 1528 fugere

361 1557 491 1598 velle:
537 1552 657 1609 quod
697 1558 743 1591 ut
774 1550 865 1590 fieri
897 1550 1050 1604 possit,
1094 1548 1252 1602 requiri
1285 1553 1329 1586 ut
1361 1545 1499 1586 Creon
1529 1544 1732 1585 viaticum

360 1632 586 1684 properet:
631 1624 732 1663 hinc
761 1622 875 1661 filius
907 1635 1003 1659 eum
1035 1619 1220 1674 primum
1249 1623 1392 1657 monet
1425 1623 1470 1656 ut
1502 1615 1648 1664 abeat3
1689 1629 1732 1654 se

362 1699 530 1740 interim
561 1695 873 1738 valedicturum
908 1692 1124 1731 locastae:
1159 1696 1247 1729 tum
1280 1689 1432 1728 iterum
1462 1687 1658 1727 hortatur
1687 1693 1733 1726 nt

368 1770 518 1817 abeat,
546 1767 726 1808 addens:
756 1767 807 1821 μὴ
840 1764 882 1807 τὸ
915 1764 979 1804 σὸν
1011 1762 1215 1815 κωλυέτω,
1248 1761 1275 1800 i.
1294 1774 1330 1800 e.
1362 1774 1417 1799 ne
1443 1764 1523 1798 tua
1551 1763 1733 1798 cuncta-

368 1845 432 1882 te'o
473 1853 614 1880 meam
641 1837 812 1892 fugam
847 1834 1061 1875 relarclel.
1120 1833 1242 1872 Dicat
1282 1830 1385 1870 mihi
1428 1829 1602 1884 aliquis,
1644 1842 1733 1883 quo

371 1912 455 1953 alio
485 1916 655 1966 praeter
686 1908 802 1947 hune
834 1911 1057 1961 praetextu
1088 1904 1340 1944 Menoeceus
1369 1907 1535 1955 patrem
1567 1914 1616 1940 ex
1643 1913 1735 1939 sce-

369 1998 424 2024 na
464 1983 630 2022 mittere
671 1979 777 2019 velle
815 1977 958 2033 possit.
1012 1976 1065 2016 Ut
1094 1974 1219 2014 dolor
1249 1972 1541 2014 valedictionis
1568 1970 1738 2010 minua--

372 2054 470 2096 tur?
489 2077 547 2082 ——
572 2050 679 2106 quid
708 2050 877 2089 interest
902 2048 1069 2087 filiusne
1100 2046 1143 2085 in
1166 2059 1291 2085 scena
1320 2058 1342 2083 a
1368 2049 1490 2099 patre
1520 2041 1733 2089 discedat,

375 2140 428 2165 an
469 2130 592 2180 pater
633 2135 656 2161 a
696 2120 819 2161 filio?
873 2119 1011 2161 Velim
1060 2116 1237 2172 quidem
1279 2116 1453 2155 Poetam
1495 2111 1735 2167 scripsisse,

376 2195 497 2251 quod
531 2191 868 2236 Valckenaerius
903 2189 1106 2236 coniecit,
1146 2201 1203 2227 vs.
1228 2185 1328 2227 989.
1357 2187 1476 2241 ἔγωγε
1497 2188 1642 2242 ποριῶ,
1675 2183 1739 2224 vel

375 2266 497 2322 quod
523 2265 566 2304 in
596 2276 682 2303 uno
709 2261 869 2302 Codice
900 2266 987 2308 est,
1019 2257 1190 2318 παρέξω.
1237 2257 1321 2297 Sed
1351 2256 1427 2312 ἐγὼ
1449 2254 1617 2313 πορεύσω
1639 2270 1739 2313 χρυ-

377 2340 441 2379 σόν
465 2343 545 2377 est:
576 2349 653 2390 ego
685 2333 769 2373 leuc
798 2332 882 2372 tibi
906 2329 1096 2385 (fferam
1124 2343 1299 2370 aarum.
1338 2327 1468 2382 Apud
1496 2325 1742 2379 Euripidem

374 2409 537 2468 πορεύεν)
568 2412 626 2446 est
652 2405 833 2452 ducere,
862 2402 1025 2457 ferre,
1057 2415 1144 2440 non
1161 2399 1412 2455 ferendmn
1441 2410 1617 2437 curare.
1652 2395 1739 2434 Ita-

376 2494 461 2536 que
496 2490 724 2534 perperam
764 2473 942 2514 laudant
991 2470 1386 2526 interpretationem
1428 2465 1649 2507 Abreschii
1685 2464 1741 2504 ad

376 2549 528 2591 Aesch.
560 2547 747 2588 Eumen.
777 2559 836 2584 vs.
856 2544 956 2584 235.
1002 2542 1226 2598 Aptissime
1259 2554 1281 2579 a
1310 2540 1537 2579 Menoeceo
1563 2547 1739 2589 respon-

378 2622 523 2661 detur:
571 2613 609 2659 εὖ
638 2618 784 2673 λέγεις,
816 2618 966 2674 πάτερ·
1005 2615 1120 2672 χώρει
1153 2628 1235 2653 ww:
1282 2611 1307 2650 i.
1339 2623 1375 2649 e.
1418 2612 1560 2656 recle,
1595 2610 1637 2645 et
1666 2605 1742 2645 (ιόί

380 2697 429 2731 ut
459 2704 682 2730 arcessas.

441 2759 564 2801 1902.
624 2758 727 2807 ‘tigri'
762 2758 988 2816 ὑπερθανεῖν
1022 2757 1178 2811 χὲοιός.
1237 2753 1351 2793 Haec
1387 2763 1473 2790 non
1504 2746 1742 2802 epexegesis
