<?xml version="1.0" encoding="UTF-8"?>
<!DOCTYPE html PUBLIC "-//W3C//DTD XHTML 1.0 Transitional//EN"
    "http://www.w3.org/TR/xhtml1/DTD/xhtml1-transitional.dtd">
<html xmlns="http://www.w3.org/1999/xhtml" xml:lang="en" lang="en">
 <head>
  <title>
</title>
<meta http-equiv="Content-Type" content="text/html;charset=utf-8" />
  <meta name='ocr-system' content='tesseract 3.04.00' />
  <meta name='ocr-capabilities' content='ocr_page ocr_carea ocr_par ocr_line ocrx_word'/>
</head>
<body>
  <div class='ocr_page' id='page_1' title='image "./phoenissaecumcom00euriuoft_0135.png"; bbox 0 0 2020 3326; ppageno 0'>
   <div class='ocr_carea' id='block_1_1' title="bbox 659 200 1632 246">
    <p class='ocr_par' dir='ltr' id='par_1_1' title="bbox 659 200 1632 246">
     <span class='ocr_line' id='line_1_1' title="bbox 659 200 1632 246; baseline 0.003 -5"><span class='ocrx_word' id='word_1_1' title='bbox 659 200 1228 244; x_wconf 70' lang='lat' dir='ltr'><strong>COMMENTARIUS.</strong></span> <span class='ocrx_word' id='word_1_2' title='bbox 1553 206 1632 246; x_wconf 71' lang='lat'>115</span> 
     </span>
    </p>
   </div>
   <div class='ocr_carea' id='block_1_2' title="bbox 242 339 1628 2779">
    <p class='ocr_par' dir='ltr' id='par_1_2' title="bbox 247 339 1628 1401">
     <span class='ocr_line' id='line_1_2' title="bbox 256 339 1625 402; baseline 0.007 -24"><span class='ocrx_word' id='word_1_3' title='bbox 256 339 423 394; x_wconf 78' lang='lat' dir='ltr'>liusque</span> <span class='ocrx_word' id='word_1_4' title='bbox 467 342 671 395; x_wconf 75' lang='lat' dir='ltr'>apparet,</span> <span class='ocrx_word' id='word_1_5' title='bbox 723 351 837 394; x_wconf 72' lang='lat' dir='ltr'>quae</span> <span class='ocrx_word' id='word_1_6' title='bbox 882 346 942 380; x_wconf 86' lang='lat' dir='ltr'>est</span> <span class='ocrx_word' id='word_1_7' title='bbox 975 340 1084 381; x_wconf 84' lang='lat' dir='ltr'>inter</span> <span class='ocrx_word' id='word_1_8' title='bbox 1124 340 1326 397; x_wconf 69' lang='grc' dir='ltr'>βλέπουσιν</span> <span class='ocrx_word' id='word_1_9' title='bbox 1357 350 1398 385; x_wconf 90' lang='lat' dir='ltr'>et</span> <span class='ocrx_word' id='word_1_10' title='bbox 1429 344 1625 402; x_wconf 69' lang='grc' dir='ltr'>μέλλουσιν</span> 
     </span>
     <span class='ocr_line' id='line_1_3' title="bbox 253 408 1628 473; baseline 0.008 -25"><span class='ocrx_word' id='word_1_11' title='bbox 253 410 514 467; x_wconf 78' lang='lat' dir='ltr'>‹›pp0sitio.&#39;&#39;</span> <span class='ocrx_word' id='word_1_12' title='bbox 572 408 655 451; x_wconf 73' lang='lat' dir='ltr'>Sed</span> <span class='ocrx_word' id='word_1_13' title='bbox 687 424 737 450; x_wconf 90' lang='lat' dir='ltr'>eo</span> <span class='ocrx_word' id='word_1_14' title='bbox 777 415 966 465; x_wconf 72' lang='lat' dir='ltr'>praestat</span> <span class='ocrx_word' id='word_1_15' title='bbox 997 413 1227 455; x_wconf 84' lang='lat' dir='ltr'>Hcrmanni</span> <span class='ocrx_word' id='word_1_16' title='bbox 1261 419 1472 458; x_wconf 86' lang='lat' dir='ltr'>eorrectio</span> <span class='ocrx_word' id='word_1_17' title='bbox 1504 418 1628 473; x_wconf 81' lang='lat' dir='ltr'>quod</span> 
     </span>
     <span class='ocr_line' id='line_1_4' title="bbox 255 482 1627 543; baseline 0.006 -21"><span class='ocrx_word' id='word_1_18' title='bbox 255 483 434 522; x_wconf 71' lang='lat' dir='ltr'>restituit</span> <span class='ocrx_word' id='word_1_19' title='bbox 467 482 784 538; x_wconf 87' lang='lat' dir='ltr'>oppositionem</span> <span class='ocrx_word' id='word_1_20' title='bbox 817 497 950 537; x_wconf 80' lang='lat' dir='ltr'>quam</span> <span class='ocrx_word' id='word_1_21' title='bbox 982 487 1190 526; x_wconf 76' lang='lat' dir='ltr'>sententia</span> <span class='ocrx_word' id='word_1_22' title='bbox 1221 487 1413 543; x_wconf 83' lang='lat' dir='ltr'>flagitat,</span> <span class='ocrx_word' id='word_1_23' title='bbox 1463 490 1627 531; x_wconf 89' lang='lat' dir='ltr'>seilicet</span> 
     </span>
     <span class='ocr_line' id='line_1_5' title="bbox 253 552 1625 617; baseline 0.007 -24"><span class='ocrx_word' id='word_1_24' title='bbox 253 555 362 595; x_wconf 87' lang='lat' dir='ltr'>inter</span> <span class='ocrx_word' id='word_1_25' title='bbox 391 552 570 608; x_wconf 72' lang='grc' dir='ltr'>βόσκουσι</span> <span class='ocrx_word' id='word_1_26' title='bbox 602 560 641 593; x_wconf 88' lang='lat' dir='ltr'>et</span> <span class='ocrx_word' id='word_1_27' title='bbox 674 554 866 609; x_wconf 67' lang='grc' dir='ltr'>μέλλουσι.</span> <span class='ocrx_word' id='word_1_28' title='bbox 915 554 1141 597; x_wconf 76' lang='lat' dir='ltr'>Caeterum</span> <span class='ocrx_word' id='word_1_29' title='bbox 1184 573 1244 599; x_wconf 87' lang='lat' dir='ltr'>vs.</span> <span class='ocrx_word' id='word_1_30' title='bbox 1268 559 1367 601; x_wconf 79' lang='lat'>401.</span> <span class='ocrx_word' id='word_1_31' title='bbox 1403 568 1500 617; x_wconf 88' lang='lat' dir='ltr'>post</span> <span class='ocrx_word' id='word_1_32' title='bbox 1531 576 1625 603; x_wconf 89' lang='lat' dir='ltr'>ver-</span> 
     </span>
     <span class='ocr_line' id='line_1_6' title="bbox 252 623 1626 690; baseline 0.009 -26"><span class='ocrx_word' id='word_1_33' title='bbox 252 625 308 666; x_wconf 76' lang='lat' dir='ltr'>ba</span> <span class='ocrx_word' id='word_1_34' title='bbox 354 626 571 665; x_wconf 72' lang='lat' dir='ltr'>locastae:</span> <span class='ocrx_word' id='word_1_35' title='bbox 617 623 700 667; x_wconf 66' lang='grc' dir='ltr'>ουδ’</span> <span class='ocrx_word' id='word_1_36' title='bbox 731 626 749 666; x_wconf 83' lang='grc' dir='ltr'><em>ὁ</em></span> <span class='ocrx_word' id='word_1_37' title='bbox 781 628 912 683; x_wconf 75' lang='grc' dir='ltr'>χρόνος</span> <span class='ocrx_word' id='word_1_38' title='bbox 955 627 1077 676; x_wconf 71' lang='grc' dir='ltr'>αὐτας</span> <span class='ocrx_word' id='word_1_39' title='bbox 1110 628 1308 690; x_wconf 59' lang='grc' dir='ltr'>διεσαφηό</span> <span class='ocrx_word' id='word_1_40' title='bbox 1341 635 1455 683; x_wconf 78' lang='grc' dir='ltr'>ου’σας</span> <span class='ocrx_word' id='word_1_41' title='bbox 1484 638 1626 690; x_wconf 74' lang='grc' dir='ltr'>κευοὶς,</span> 
     </span>
     <span class='ocr_line' id='line_1_7' title="bbox 249 697 1628 763; baseline 0.009 -27"><span class='ocrx_word' id='word_1_42' title='bbox 249 697 432 737; x_wconf 81' lang='lat' dir='ltr'>editores</span> <span class='ocrx_word' id='word_1_43' title='bbox 457 698 625 753; x_wconf 78' lang='lat' dir='ltr'>signum</span> <span class='ocrx_word' id='word_1_44' title='bbox 653 698 996 754; x_wconf 78' lang='lat' dir='ltr'>interrogationis</span> <span class='ocrx_word' id='word_1_45' title='bbox 1023 711 1274 755; x_wconf 86' lang='lat' dir='ltr'>posuerunt.</span> <span class='ocrx_word' id='word_1_46' title='bbox 1307 706 1437 756; x_wconf 81' lang='lat' dir='ltr'>Male,</span> <span class='ocrx_word' id='word_1_47' title='bbox 1465 714 1510 748; x_wconf 91' lang='lat' dir='ltr'>ut</span> <span class='ocrx_word' id='word_1_48' title='bbox 1531 709 1628 763; x_wconf 90' lang='lat' dir='ltr'>opi-</span> 
     </span>
     <span class='ocr_line' id='line_1_8' title="bbox 251 768 1627 819; baseline 0.009 -11"><span class='ocrx_word' id='word_1_49' title='bbox 251 783 354 809; x_wconf 81' lang='lat' dir='ltr'>nor:</span> <span class='ocrx_word' id='word_1_50' title='bbox 405 783 506 809; x_wconf 86' lang='lat' dir='ltr'>nam</span> <span class='ocrx_word' id='word_1_51' title='bbox 550 783 607 810; x_wconf 91' lang='lat' dir='ltr'>vs.</span> <span class='ocrx_word' id='word_1_52' title='bbox 642 768 741 810; x_wconf 80' lang='lat'><strong>399.</strong></span> <span class='ocrx_word' id='word_1_53' title='bbox 803 770 963 811; x_wconf 84' lang='lat' dir='ltr'>obiecit</span> <span class='ocrx_word' id='word_1_54' title='bbox 1002 779 1139 813; x_wconf 85' lang='lat' dir='ltr'>mater</span> <span class='ocrx_word' id='word_1_55' title='bbox 1178 775 1268 815; x_wconf 89' lang='lat' dir='ltr'>filio</span> <span class='ocrx_word' id='word_1_56' title='bbox 1316 776 1475 818; x_wconf 84' lang='lat' dir='ltr'>bonam</span> <span class='ocrx_word' id='word_1_57' title='bbox 1513 785 1627 819; x_wconf 84' lang='lat' dir='ltr'>certe</span> 
     </span>
     <span class='ocr_line' id='line_1_9' title="bbox 248 841 1623 896; baseline 0.008 -15"><span class='ocrx_word' id='word_1_58' title='bbox 248 855 366 896; x_wconf 85' lang='lat' dir='ltr'>spem</span> <span class='ocrx_word' id='word_1_59' title='bbox 397 841 595 881; x_wconf 79' lang='lat' dir='ltr'>solatium</span> <span class='ocrx_word' id='word_1_60' title='bbox 626 855 713 882; x_wconf 89' lang='lat' dir='ltr'>esse</span> <span class='ocrx_word' id='word_1_61' title='bbox 744 842 788 883; x_wconf 87' lang='lat' dir='ltr'>in</span> <span class='ocrx_word' id='word_1_62' title='bbox 819 843 991 894; x_wconf 84' lang='lat' dir='ltr'>exsili03</span> <span class='ocrx_word' id='word_1_63' title='bbox 1024 845 1095 885; x_wconf 85' lang='lat' dir='ltr'>sed</span> <span class='ocrx_word' id='word_1_64' title='bbox 1127 847 1386 889; x_wconf 86' lang='lat' dir='ltr'>eliciendum</span> <span class='ocrx_word' id='word_1_65' title='bbox 1417 857 1508 890; x_wconf 87' lang='lat' dir='ltr'>erat</span> <span class='ocrx_word' id='word_1_66' title='bbox 1539 852 1623 891; x_wconf 84' lang='lat' dir='ltr'>sci-</span> 
     </span>
     <span class='ocr_line' id='line_1_10' title="bbox 250 914 1622 980; baseline 0.009 -27"><span class='ocrx_word' id='word_1_67' title='bbox 250 914 377 962; x_wconf 76' lang='lat' dir='ltr'>licet,</span> <span class='ocrx_word' id='word_1_68' title='bbox 429 914 551 968; x_wconf 87' lang='lat' dir='ltr'>quod</span> <span class='ocrx_word' id='word_1_69' title='bbox 593 914 763 968; x_wconf 75' lang='lat' dir='ltr'>reponit</span> <span class='ocrx_word' id='word_1_70' title='bbox 806 914 1056 969; x_wconf 76' lang='lat' dir='ltr'>Polynices,</span> <span class='ocrx_word' id='word_1_71' title='bbox 1104 920 1252 974; x_wconf 76' lang='grc' dir='ltr'>ἔχουσιν</span> <span class='ocrx_word' id='word_1_72' title='bbox 1284 919 1510 980; x_wconf 59' lang='grc' dir='ltr'>Ἀφροδίτην</span> <span class='ocrx_word' id='word_1_73' title='bbox 1540 922 1622 965; x_wconf 79' lang='grc' dir='ltr'>κτὲ.</span> 
     </span>
     <span class='ocr_line' id='line_1_11' title="bbox 251 985 1626 1049; baseline 0.008 -24"><span class='ocrx_word' id='word_1_74' title='bbox 251 985 406 1040; x_wconf 84' lang='lat' dir='ltr'>Itaque</span> <span class='ocrx_word' id='word_1_75' title='bbox 446 985 670 1025; x_wconf 82' lang='lat' dir='ltr'>continuat</span> <span class='ocrx_word' id='word_1_76' title='bbox 711 986 783 1026; x_wconf 82' lang='lat' dir='ltr'>illa</span> <span class='ocrx_word' id='word_1_77' title='bbox 814 987 1064 1028; x_wconf 83' lang='lat' dir='ltr'>sententiam</span> <span class='ocrx_word' id='word_1_78' title='bbox 1095 1004 1237 1032; x_wconf 86' lang='lat' dir='ltr'>versus</span> <span class='ocrx_word' id='word_1_79' title='bbox 1268 993 1372 1042; x_wconf 83' lang='grc'>399,</span> <span class='ocrx_word' id='word_1_80' title='bbox 1408 995 1531 1049; x_wconf 80' lang='lat' dir='ltr'>quasi</span> <span class='ocrx_word' id='word_1_81' title='bbox 1564 996 1626 1036; x_wconf 86' lang='lat' dir='ltr'>al-</span> 
     </span>
     <span class='ocr_line' id='line_1_12' title="bbox 252 1057 1624 1119; baseline 0.009 -23"><span class='ocrx_word' id='word_1_82' title='bbox 252 1066 313 1097; x_wconf 76' lang='lat' dir='ltr'>ter</span> <span class='ocrx_word' id='word_1_83' title='bbox 344 1057 450 1097; x_wconf 82' lang='lat' dir='ltr'>nihil</span> <span class='ocrx_word' id='word_1_84' title='bbox 482 1057 770 1097; x_wconf 76' lang='lat' dir='ltr'>interjecisset.</span> <span class='ocrx_word' id='word_1_85' title='bbox 816 1058 860 1098; x_wconf 86' lang='lat' dir='ltr'>Si</span> <span class='ocrx_word' id='word_1_86' title='bbox 890 1057 999 1100; x_wconf 82' lang='lat' dir='ltr'>haec</span> <span class='ocrx_word' id='word_1_87' title='bbox 1023 1068 1139 1102; x_wconf 87' lang='lat' dir='ltr'>reete</span> <span class='ocrx_word' id='word_1_88' title='bbox 1171 1063 1408 1119; x_wconf 81' lang='lat' dir='ltr'>disputavi,</span> <span class='ocrx_word' id='word_1_89' title='bbox 1442 1066 1624 1108; x_wconf 75' lang='lat' dir='ltr'>vs-402.</span> 
     </span>
     <span class='ocr_line' id='line_1_13' title="bbox 251 1130 1625 1192; baseline 0.007 -22"><span class='ocrx_word' id='word_1_90' title='bbox 251 1143 331 1186; x_wconf 84' lang='lat' dir='ltr'>pro</span> <span class='ocrx_word' id='word_1_91' title='bbox 370 1131 518 1185; x_wconf 74' lang='grc' dir='ltr'>ἔχουσιν</span> <span class='ocrx_word' id='word_1_92' title='bbox 555 1130 702 1170; x_wconf 82' lang='lat' dir='ltr'>malles</span> <span class='ocrx_word' id='word_1_93' title='bbox 743 1130 879 1186; x_wconf 71' lang='grc' dir='ltr'>ἔχουσί</span> <span class='ocrx_word' id='word_1_94' title='bbox 905 1130 971 1187; x_wconf 66' lang='grc' dir='ltr'>γ’,</span> <span class='ocrx_word' id='word_1_95' title='bbox 1017 1132 1063 1171; x_wconf 86' lang='lat' dir='ltr'>id</span> <span class='ocrx_word' id='word_1_96' title='bbox 1103 1140 1186 1183; x_wconf 87' lang='lat' dir='ltr'>est,</span> <span class='ocrx_word' id='word_1_97' title='bbox 1245 1136 1350 1176; x_wconf 81' lang='lat' dir='ltr'>»illa</span> <span class='ocrx_word' id='word_1_98' title='bbox 1385 1151 1480 1192; x_wconf 88' lang='lat' dir='ltr'>spes</span> <span class='ocrx_word' id='word_1_99' title='bbox 1514 1153 1625 1180; x_wconf 83' lang='lat' dir='ltr'>vana</span> 
     </span>
     <span class='ocr_line' id='line_1_14' title="bbox 250 1201 1627 1262; baseline 0.007 -20"><span class='ocrx_word' id='word_1_100' title='bbox 250 1201 429 1258; x_wconf 86' lang='lat' dir='ltr'>quidem</span> <span class='ocrx_word' id='word_1_101' title='bbox 459 1208 541 1251; x_wconf 89' lang='lat' dir='ltr'>est,</span> <span class='ocrx_word' id='word_1_102' title='bbox 576 1201 649 1242; x_wconf 85' lang='lat' dir='ltr'>sed</span> <span class='ocrx_word' id='word_1_103' title='bbox 683 1201 813 1242; x_wconf 87' lang='lat' dir='ltr'>habet</span> <span class='ocrx_word' id='word_1_104' title='bbox 845 1203 946 1242; x_wconf 83' lang='lat' dir='ltr'>mali</span> <span class='ocrx_word' id='word_1_105' title='bbox 980 1204 1302 1246; x_wconf 77' lang='lat' dir='ltr'>lenimentum.”</span> <span class='ocrx_word' id='word_1_106' title='bbox 1346 1207 1452 1262; x_wconf 87' lang='lat' dir='ltr'>Spes</span> <span class='ocrx_word' id='word_1_107' title='bbox 1483 1217 1627 1251; x_wconf 88' lang='lat' dir='ltr'>autem</span> 
     </span>
     <span class='ocr_line' id='line_1_15' title="bbox 247 1273 1627 1329; baseline 0.007 -16"><span class='ocrx_word' id='word_1_108' title='bbox 247 1275 321 1314; x_wconf 79' lang='lat' dir='ltr'>illa</span> <span class='ocrx_word' id='word_1_109' title='bbox 367 1279 532 1329; x_wconf 83' lang='lat' dir='ltr'>spectat</span> <span class='ocrx_word' id='word_1_110' title='bbox 576 1273 761 1313; x_wconf 81' lang='lat' dir='ltr'>reditum</span> <span class='ocrx_word' id='word_1_111' title='bbox 792 1274 835 1313; x_wconf 87' lang='lat' dir='ltr'>in</span> <span class='ocrx_word' id='word_1_112' title='bbox 865 1275 1077 1329; x_wconf 83' lang='lat' dir='ltr'>patriam,</span> <span class='ocrx_word' id='word_1_113' title='bbox 1122 1279 1244 1318; x_wconf 88' lang='lat' dir='ltr'>euius</span> <span class='ocrx_word' id='word_1_114' title='bbox 1282 1278 1541 1322; x_wconf 88' lang='lat' dir='ltr'>desiderium</span> <span class='ocrx_word' id='word_1_115' title='bbox 1572 1297 1627 1324; x_wconf 83' lang='lat' dir='ltr'>ne</span> 
     </span>
     <span class='ocr_line' id='line_1_16' title="bbox 250 1344 1256 1401; baseline 0.004 -15"><span class='ocrx_word' id='word_1_116' title='bbox 250 1346 477 1401; x_wconf 78' lang='lat' dir='ltr'>peregrino</span> <span class='ocrx_word' id='word_1_117' title='bbox 508 1344 685 1400; x_wconf 88' lang='lat' dir='ltr'>quidem</span> <span class='ocrx_word' id='word_1_118' title='bbox 717 1344 938 1385; x_wconf 85' lang='lat' dir='ltr'>connubio</span> <span class='ocrx_word' id='word_1_119' title='bbox 967 1347 1256 1390; x_wconf 72' lang='lat' dir='ltr'>minuebatur.</span> 
     </span>
    </p>

    <p class='ocr_par' dir='ltr' id='par_1_3' title="bbox 242 1412 1624 2492">
     <span class='ocr_line' id='line_1_17' title="bbox 309 1412 1621 1484; baseline 0.008 -27"><span class='ocrx_word' id='word_1_120' title='bbox 309 1416 410 1457; x_wconf 80' lang='grc'><strong>406.</strong></span> <span class='ocrx_word' id='word_1_121' title='bbox 464 1412 503 1458; x_wconf 71' lang='grc' dir='ltr'>εὖ</span> <span class='ocrx_word' id='word_1_122' title='bbox 544 1423 722 1476; x_wconf 75' lang='grc' dir='ltr'>πραῖσσε·</span> <span class='ocrx_word' id='word_1_123' title='bbox 771 1418 821 1459; x_wconf 71' lang='grc' dir='ltr'>τὰ</span> <span class='ocrx_word' id='word_1_124' title='bbox 863 1417 977 1477; x_wconf 59' lang='grc' dir='ltr'>φῦων</span> <span class='ocrx_word' id='word_1_125' title='bbox 1021 1419 1058 1460; x_wconf 71' lang='grc' dir='ltr'>δ’</span> <span class='ocrx_word' id='word_1_126' title='bbox 1091 1419 1230 1477; x_wconf 67' lang='grc' dir='ltr'>οὐδὲν,</span> <span class='ocrx_word' id='word_1_127' title='bbox 1271 1427 1314 1466; x_wconf 75' lang='grc' dir='ltr'>γ”ν</span> <span class='ocrx_word' id='word_1_128' title='bbox 1344 1441 1398 1473; x_wconf 85' lang='grc' dir='ltr'>τις</span> <span class='ocrx_word' id='word_1_129' title='bbox 1430 1423 1621 1484; x_wconf 71' lang='grc' dir='ltr'>ὃυςτυχῇ.</span> 
     </span>
     <span class='ocr_line' id='line_1_18' title="bbox 248 1486 1624 1556; baseline 0.009 -28"><span class='ocrx_word' id='word_1_130' title='bbox 248 1489 331 1540; x_wconf 83' lang='lat' dir='ltr'>Qui</span> <span class='ocrx_word' id='word_1_131' title='bbox 372 1503 471 1529; x_wconf 91' lang='lat' dir='ltr'>eum</span> <span class='ocrx_word' id='word_1_132' title='bbox 510 1489 827 1531; x_wconf 81' lang='lat' dir='ltr'>Valckenaerio</span> <span class='ocrx_word' id='word_1_133' title='bbox 865 1486 904 1532; x_wconf 70' lang='grc' dir='ltr'>εὖ</span> <span class='ocrx_word' id='word_1_134' title='bbox 936 1499 1091 1551; x_wconf 63' lang='grc' dir='ltr'>πρᾶσσε</span> <span class='ocrx_word' id='word_1_135' title='bbox 1121 1494 1387 1551; x_wconf 88' lang='lat' dir='ltr'>interpretati</span> <span class='ocrx_word' id='word_1_136' title='bbox 1419 1505 1516 1539; x_wconf 87' lang='lat' dir='ltr'>sunt</span> <span class='ocrx_word' id='word_1_137' title='bbox 1548 1516 1624 1556; x_wconf 82' lang='grc' dir='ltr'>μη-</span> 
     </span>
     <span class='ocr_line' id='line_1_19' title="bbox 245 1560 1624 1623; baseline 0.007 -20"><span class='ocrx_word' id='word_1_138' title='bbox 245 1560 412 1617; x_wconf 69' lang='grc' dir='ltr'>δαμῶς,</span> <span class='ocrx_word' id='word_1_139' title='bbox 455 1561 687 1601; x_wconf 90' lang='lat' dir='ltr'>omiserunt</span> <span class='ocrx_word' id='word_1_140' title='bbox 719 1561 945 1604; x_wconf 75' lang='lat' dir='ltr'>observare</span> <span class='ocrx_word' id='word_1_141' title='bbox 990 1565 1258 1607; x_wconf 79' lang='lat' dir='ltr'>manifestam</span> <span class='ocrx_word' id='word_1_142' title='bbox 1303 1570 1624 1623; x_wconf 86' lang='lat' dir='ltr'>oppositionem</span> 
     </span>
     <span class='ocr_line' id='line_1_20' title="bbox 246 1629 1621 1701; baseline 0.008 -27"><span class='ocrx_word' id='word_1_143' title='bbox 246 1647 332 1674; x_wconf 85' lang='lat' dir='ltr'>csse</span> <span class='ocrx_word' id='word_1_144' title='bbox 358 1634 469 1674; x_wconf 86' lang='lat' dir='ltr'>inter</span> <span class='ocrx_word' id='word_1_145' title='bbox 503 1629 543 1675; x_wconf 67' lang='grc' dir='ltr'>εὖ</span> <span class='ocrx_word' id='word_1_146' title='bbox 573 1640 729 1694; x_wconf 70' lang='grc' dir='ltr'>πρασσε</span> <span class='ocrx_word' id='word_1_147' title='bbox 759 1641 799 1674; x_wconf 82' lang='lat' dir='ltr'>et</span> <span class='ocrx_word' id='word_1_148' title='bbox 831 1634 1038 1692; x_wconf 69' lang='grc' dir='ltr'>δυστυχῇε</span> <span class='ocrx_word' id='word_1_149' title='bbox 1076 1643 1167 1678; x_wconf 88' lang='lat' dir='ltr'>tum</span> <span class='ocrx_word' id='word_1_150' title='bbox 1196 1642 1295 1681; x_wconf 72' lang='grc' dir='ltr'>ὄναιο</span> <span class='ocrx_word' id='word_1_151' title='bbox 1323 1647 1364 1680; x_wconf 84' lang='lat' dir='ltr'>et</span> <span class='ocrx_word' id='word_1_152' title='bbox 1394 1642 1621 1701; x_wconf 64' lang='grc' dir='ltr'>εὐτυχοίης,</span> 
     </span>
     <span class='ocr_line' id='line_1_21' title="bbox 246 1706 1622 1767; baseline 0.009 -22"><span class='ocrx_word' id='word_1_153' title='bbox 246 1719 360 1760; x_wconf 81' lang='lat' dir='ltr'>quae</span> <span class='ocrx_word' id='word_1_154' title='bbox 392 1706 572 1746; x_wconf 89' lang='lat' dir='ltr'>eontulit</span> <span class='ocrx_word' id='word_1_155' title='bbox 599 1706 963 1757; x_wconf 77' lang='lat' dir='ltr'>Valckenaerius,</span> <span class='ocrx_word' id='word_1_156' title='bbox 997 1708 1084 1749; x_wconf 88' lang='lat' dir='ltr'>hue</span> <span class='ocrx_word' id='word_1_157' title='bbox 1114 1724 1203 1751; x_wconf 85' lang='lat' dir='ltr'>non</span> <span class='ocrx_word' id='word_1_158' title='bbox 1229 1713 1462 1767; x_wconf 86' lang='lat' dir='ltr'>pertinere:</span> <span class='ocrx_word' id='word_1_159' title='bbox 1496 1716 1622 1758; x_wconf 88' lang='lat' dir='ltr'>mini-</span> 
     </span>
     <span class='ocr_line' id='line_1_22' title="bbox 245 1777 1622 1838; baseline 0.009 -21"><span class='ocrx_word' id='word_1_160' title='bbox 245 1792 312 1818; x_wconf 86' lang='lat' dir='ltr'>me</span> <span class='ocrx_word' id='word_1_161' title='bbox 339 1778 530 1818; x_wconf 89' lang='lat' dir='ltr'>omnium</span> <span class='ocrx_word' id='word_1_162' title='bbox 562 1777 668 1827; x_wconf 63' lang='grc' dir='ltr'>ζηλῶ</span> <span class='ocrx_word' id='word_1_163' title='bbox 700 1778 735 1819; x_wconf 85' lang='grc' dir='ltr'>σ’</span> <span class='ocrx_word' id='word_1_164' title='bbox 765 1779 809 1819; x_wconf 86' lang='lat' dir='ltr'>in</span> <span class='ocrx_word' id='word_1_165' title='bbox 835 1779 1018 1829; x_wconf 76' lang='lat' dir='ltr'>Medea,</span> <span class='ocrx_word' id='word_1_166' title='bbox 1048 1795 1105 1822; x_wconf 87' lang='lat' dir='ltr'>vs.</span> <span class='ocrx_word' id='word_1_167' title='bbox 1136 1781 1215 1832; x_wconf 87' lang='grc'>59,</span> <span class='ocrx_word' id='word_1_168' title='bbox 1251 1784 1372 1838; x_wconf 84' lang='lat' dir='ltr'>quod</span> <span class='ocrx_word' id='word_1_169' title='bbox 1402 1786 1500 1827; x_wconf 86' lang='lat' dir='ltr'>ferri</span> <span class='ocrx_word' id='word_1_170' title='bbox 1531 1795 1622 1829; x_wconf 88' lang='lat' dir='ltr'>tan-</span> 
     </span>
     <span class='ocr_line' id='line_1_23' title="bbox 248 1850 1624 1914; baseline 0.008 -24"><span class='ocrx_word' id='word_1_171' title='bbox 248 1857 338 1890; x_wconf 86' lang='lat' dir='ltr'>tum</span> <span class='ocrx_word' id='word_1_172' title='bbox 364 1856 503 1905; x_wconf 87' lang='lat' dir='ltr'>potest</span> <span class='ocrx_word' id='word_1_173' title='bbox 529 1850 774 1906; x_wconf 84' lang='lat' dir='ltr'>supplendo</span> <span class='ocrx_word' id='word_1_174' title='bbox 804 1857 870 1900; x_wconf 70' lang='grc' dir='ltr'>τῆς</span> <span class='ocrx_word' id='word_1_175' title='bbox 894 1851 1077 1908; x_wconf 69' lang='grc' dir='ltr'>ἐλπίδος,</span> <span class='ocrx_word' id='word_1_176' title='bbox 1112 1860 1263 1909; x_wconf 87' lang='lat' dir='ltr'>utpote</span> <span class='ocrx_word' id='word_1_177' title='bbox 1289 1855 1497 1898; x_wconf 79' lang='lat' dir='ltr'>familiare</span> <span class='ocrx_word' id='word_1_178' title='bbox 1523 1861 1624 1914; x_wconf 86' lang='lat' dir='ltr'>qui-</span> 
     </span>
     <span class='ocr_line' id='line_1_24' title="bbox 246 1922 1620 1981; baseline 0.009 -20"><span class='ocrx_word' id='word_1_179' title='bbox 246 1922 345 1961; x_wconf 80' lang='lat' dir='ltr'>dem</span> <span class='ocrx_word' id='word_1_180' title='bbox 385 1922 430 1962; x_wconf 88' lang='lat' dir='ltr'>in</span> <span class='ocrx_word' id='word_1_181' title='bbox 461 1935 534 1962; x_wconf 88' lang='lat' dir='ltr'>ore</span> <span class='ocrx_word' id='word_1_182' title='bbox 569 1923 770 1972; x_wconf 84' lang='lat' dir='ltr'>nutricis,</span> <span class='ocrx_word' id='word_1_183' title='bbox 812 1937 900 1964; x_wconf 87' lang='lat' dir='ltr'>non</span> <span class='ocrx_word' id='word_1_184' title='bbox 937 1938 1037 1965; x_wconf 87' lang='lat' dir='ltr'>vero</span> <span class='ocrx_word' id='word_1_185' title='bbox 1070 1926 1246 1981; x_wconf 84' lang='lat' dir='ltr'>vulgare</span> <span class='ocrx_word' id='word_1_186' title='bbox 1280 1934 1352 1967; x_wconf 83' lang='lat' dir='ltr'>aut</span> <span class='ocrx_word' id='word_1_187' title='bbox 1385 1930 1620 1973; x_wconf 87' lang='lat' dir='ltr'>comicum:</span> 
     </span>
     <span class='ocr_line' id='line_1_25' title="bbox 246 1992 1622 2051; baseline 0.009 -20"><span class='ocrx_word' id='word_1_188' title='bbox 246 1992 368 2048; x_wconf 84' lang='lat' dir='ltr'>quod</span> <span class='ocrx_word' id='word_1_189' title='bbox 404 1992 501 2041; x_wconf 89' lang='lat' dir='ltr'>fiet,</span> <span class='ocrx_word' id='word_1_190' title='bbox 561 1993 592 2033; x_wconf 91' lang='lat' dir='ltr'>si</span> <span class='ocrx_word' id='word_1_191' title='bbox 635 2006 735 2033; x_wconf 89' lang='lat' dir='ltr'>cum</span> <span class='ocrx_word' id='word_1_192' title='bbox 772 1994 968 2035; x_wconf 85' lang='lat' dir='ltr'>Elmsleio</span> <span class='ocrx_word' id='word_1_193' title='bbox 1015 2010 1095 2050; x_wconf 89' lang='lat' dir='ltr'>pro</span> <span class='ocrx_word' id='word_1_194' title='bbox 1136 1997 1272 2037; x_wconf 82' lang='lat' dir='ltr'>ironia</span> <span class='ocrx_word' id='word_1_195' title='bbox 1311 1998 1533 2051; x_wconf 82' lang='lat' dir='ltr'>habueris,</span> <span class='ocrx_word' id='word_1_196' title='bbox 1580 2011 1622 2045; x_wconf 86' lang='lat' dir='ltr'>et</span> 
     </span>
     <span class='ocr_line' id='line_1_26' title="bbox 244 2064 1619 2125; baseline 0.009 -21"><span class='ocrx_word' id='word_1_197' title='bbox 244 2064 521 2120; x_wconf 85' lang='lat' dir='ltr'>explicueris:</span> <span class='ocrx_word' id='word_1_198' title='bbox 567 2065 736 2125; x_wconf 80' lang='grc' dir='ltr'>οἰκτείρω</span> <span class='ocrx_word' id='word_1_199' title='bbox 769 2082 812 2108; x_wconf 89' lang='grc' dir='ltr'>σε</span> <span class='ocrx_word' id='word_1_200' title='bbox 844 2073 911 2115; x_wconf 69' lang='grc' dir='ltr'>τῆς</span> <span class='ocrx_word' id='word_1_201' title='bbox 945 2068 1089 2116; x_wconf 70' lang='grc' dir='ltr'>ἀνοίας.</span> <span class='ocrx_word' id='word_1_202' title='bbox 1145 2067 1372 2110; x_wconf 84' lang='lat' dir='ltr'>Caeterum</span> <span class='ocrx_word' id='word_1_203' title='bbox 1412 2085 1501 2113; x_wconf 87' lang='lat' dir='ltr'>non</span> <span class='ocrx_word' id='word_1_204' title='bbox 1539 2075 1619 2116; x_wconf 81' lang='lat' dir='ltr'>ad-</span> 
     </span>
     <span class='ocr_line' id='line_1_27' title="bbox 242 2135 1622 2203; baseline 0.009 -28"><span class='ocrx_word' id='word_1_205' title='bbox 242 2136 452 2176; x_wconf 83' lang='lat' dir='ltr'>mittenda</span> <span class='ocrx_word' id='word_1_206' title='bbox 479 2136 648 2177; x_wconf 85' lang='lat' dir='ltr'>videtur</span> <span class='ocrx_word' id='word_1_207' title='bbox 677 2136 828 2177; x_wconf 83' lang='lat' dir='ltr'>scholii</span> <span class='ocrx_word' id='word_1_208' title='bbox 864 2138 1185 2194; x_wconf 84' lang='lat' dir='ltr'>interpretatio:</span> <span class='ocrx_word' id='word_1_209' title='bbox 1221 2135 1261 2181; x_wconf 72' lang='grc' dir='ltr'>εῧ</span> <span class='ocrx_word' id='word_1_210' title='bbox 1292 2148 1469 2200; x_wconf 77' lang='grc' dir='ltr'>προῖσσε·</span> <span class='ocrx_word' id='word_1_211' title='bbox 1506 2147 1622 2203; x_wconf 72' lang='grc' dir='ltr'>εὔχου</span> 
     </span>
     <span class='ocr_line' id='line_1_28' title="bbox 243 2207 1620 2264; baseline 0.007 -14"><span class='ocrx_word' id='word_1_212' title='bbox 243 2209 438 2264; x_wconf 47' lang='lat' dir='ltr'>maleta:</span> <span class='ocrx_word' id='word_1_213' title='bbox 480 2207 621 2248; x_wconf 84' lang='lat' dir='ltr'>obstat</span> <span class='ocrx_word' id='word_1_214' title='bbox 659 2209 770 2248; x_wconf 86' lang='lat' dir='ltr'>enim</span> <span class='ocrx_word' id='word_1_215' title='bbox 802 2223 985 2264; x_wconf 86' lang='lat' dir='ltr'>sequens</span> <span class='ocrx_word' id='word_1_216' title='bbox 1016 2208 1060 2252; x_wconf 66' lang='grc' dir='ltr'>δέ</span> <span class='ocrx_word' id='word_1_217' title='bbox 1091 2212 1134 2251; x_wconf 86' lang='lat' dir='ltr'>in</span> <span class='ocrx_word' id='word_1_218' title='bbox 1163 2210 1200 2253; x_wconf 68' lang='grc' dir='ltr'>δ’</span> <span class='ocrx_word' id='word_1_219' title='bbox 1223 2210 1331 2254; x_wconf 69' lang='grc' dir='ltr'>οὐδέν</span> <span class='ocrx_word' id='word_1_220' title='bbox 1360 2228 1449 2255; x_wconf 88' lang='lat' dir='ltr'>non</span> <span class='ocrx_word' id='word_1_221' title='bbox 1480 2218 1620 2260; x_wconf 89' lang='lat' dir='ltr'>minus</span> 
     </span>
     <span class='ocr_line' id='line_1_29' title="bbox 245 2279 1623 2345; baseline 0.008 -25"><span class='ocrx_word' id='word_1_222' title='bbox 245 2280 347 2320; x_wconf 89' lang='lat' dir='ltr'>huie</span> <span class='ocrx_word' id='word_1_223' title='bbox 379 2294 513 2335; x_wconf 85' lang='lat' dir='ltr'>quam</span> <span class='ocrx_word' id='word_1_224' title='bbox 544 2279 847 2322; x_wconf 84' lang='lat' dir='ltr'>Valckenaerii</span> <span class='ocrx_word' id='word_1_225' title='bbox 879 2281 1181 2337; x_wconf 77' lang='lat' dir='ltr'>explicationi3</span> <span class='ocrx_word' id='word_1_226' title='bbox 1213 2279 1252 2325; x_wconf 73' lang='grc' dir='ltr'>εὖ</span> <span class='ocrx_word' id='word_1_227' title='bbox 1283 2292 1467 2345; x_wconf 66' lang='grc' dir='ltr'>πρᾶσσε,</span> <span class='ocrx_word' id='word_1_228' title='bbox 1501 2296 1547 2330; x_wconf 91' lang='lat' dir='ltr'>ut</span> <span class='ocrx_word' id='word_1_229' title='bbox 1577 2291 1623 2332; x_wconf 89' lang='lat' dir='ltr'>in</span> 
     </span>
     <span class='ocr_line' id='line_1_30' title="bbox 242 2350 1624 2417; baseline 0.009 -26"><span class='ocrx_word' id='word_1_230' title='bbox 242 2350 571 2406; x_wconf 79' lang='lat' dir='ltr'>sliehouiythiae</span> <span class='ocrx_word' id='word_1_231' title='bbox 625 2352 855 2404; x_wconf 79' lang='lat' dir='ltr'>angustiis,</span> <span class='ocrx_word' id='word_1_232' title='bbox 907 2353 1182 2394; x_wconf 86' lang='lat' dir='ltr'>incommode</span> <span class='ocrx_word' id='word_1_233' title='bbox 1233 2355 1397 2397; x_wconf 86' lang='lat' dir='ltr'>dictum</span> <span class='ocrx_word' id='word_1_234' title='bbox 1438 2366 1498 2400; x_wconf 89' lang='lat' dir='ltr'>est</span> <span class='ocrx_word' id='word_1_235' title='bbox 1543 2376 1624 2417; x_wconf 86' lang='lat' dir='ltr'>pro</span> 
     </span>
     <span class='ocr_line' id='line_1_31' title="bbox 243 2418 1621 2492; baseline 0.009 -28"><span class='ocrx_word' id='word_1_236' title='bbox 243 2418 281 2465; x_wconf 61' lang='grc' dir='ltr'>εὖ</span> <span class='ocrx_word' id='word_1_237' title='bbox 310 2426 493 2484; x_wconf 72' lang='grc' dir='ltr'>πράττειν</span> <span class='ocrx_word' id='word_1_238' title='bbox 523 2422 721 2478; x_wconf 72' lang='grc' dir='ltr'>βέλτιστόν</span> <span class='ocrx_word' id='word_1_239' title='bbox 753 2424 852 2466; x_wconf 72' lang='grc' dir='ltr'>ἐστιν</span> <span class='ocrx_word' id='word_1_240' title='bbox 867 2459 884 2479; x_wconf 70' lang='lat'>,</span> <span class='ocrx_word' id='word_1_241' title='bbox 915 2425 946 2466; x_wconf 86' lang='grc' dir='ltr'>εἰ</span> <span class='ocrx_word' id='word_1_242' title='bbox 976 2424 1101 2480; x_wconf 73' lang='grc' dir='ltr'>βούλει</span> <span class='ocrx_word' id='word_1_243' title='bbox 1124 2426 1209 2475; x_wconf 78' lang='grc' dir='ltr'>τοὺς</span> <span class='ocrx_word' id='word_1_244' title='bbox 1239 2428 1366 2487; x_wconf 74' lang='grc' dir='ltr'>φίλους</span> <span class='ocrx_word' id='word_1_245' title='bbox 1388 2447 1430 2472; x_wconf 92' lang='grc' dir='ltr'>σε</span> <span class='ocrx_word' id='word_1_246' title='bbox 1452 2432 1621 2492; x_wconf 72' lang='grc' dir='ltr'>ὠφελεῖν.</span> 
     </span>
    </p>

    <p class='ocr_par' dir='ltr' id='par_1_4' title="bbox 242 2495 1623 2779">
     <span class='ocr_line' id='line_1_32' title="bbox 299 2495 1621 2557; baseline 0.009 -21"><span class='ocrx_word' id='word_1_247' title='bbox 299 2495 398 2537; x_wconf 80' lang='grc'>419.</span> <span class='ocrx_word' id='word_1_248' title='bbox 448 2496 577 2545; x_wconf 80' lang='grc' dir='ltr'>κοίτας</span> <span class='ocrx_word' id='word_1_249' title='bbox 610 2496 812 2553; x_wconf 69' lang='grc' dir='ltr'>ματεύων,</span> <span class='ocrx_word' id='word_1_250' title='bbox 845 2495 869 2553; x_wconf 70' lang='grc' dir='ltr'><em>ᾗ</em></span> <span class='ocrx_word' id='word_1_251' title='bbox 899 2499 1023 2557; x_wconf 63' lang='grc' dir='ltr'>φυγάς</span> <span class='ocrx_word' id='word_1_252' title='bbox 1057 2498 1329 2556; x_wconf 71' lang='grc' dir='ltr'>π7.αυώμευος,·</span> <span class='ocrx_word' id='word_1_253' title='bbox 1361 2502 1621 2548; x_wconf 82' lang='lat' dir='ltr'>Dissentiunt</span> 
     </span>
     <span class='ocr_line' id='line_1_33' title="bbox 243 2567 1621 2631; baseline 0.009 -24"><span class='ocrx_word' id='word_1_254' title='bbox 243 2567 503 2624; x_wconf 87' lang='lat' dir='ltr'>Interpretes</span> <span class='ocrx_word' id='word_1_255' title='bbox 532 2569 576 2609; x_wconf 86' lang='lat' dir='ltr'>in</span> <span class='ocrx_word' id='word_1_256' title='bbox 607 2568 800 2624; x_wconf 84' lang='lat' dir='ltr'>optanda</span> <span class='ocrx_word' id='word_1_257' title='bbox 832 2570 1015 2610; x_wconf 84' lang='lat' dir='ltr'>lectione</span> <span class='ocrx_word' id='word_1_258' title='bbox 1043 2568 1069 2626; x_wconf 76' lang='grc' dir='ltr'><em>ᾗ</em></span> <span class='ocrx_word' id='word_1_259' title='bbox 1097 2572 1163 2611; x_wconf 83' lang='lat' dir='ltr'>vel</span> <span class='ocrx_word' id='word_1_260' title='bbox 1191 2577 1229 2617; x_wconf 78' lang='grc' dir='ltr'>ἤ.</span> <span class='ocrx_word' id='word_1_261' title='bbox 1278 2573 1360 2625; x_wconf 86' lang='lat' dir='ltr'>Qui</span> <span class='ocrx_word' id='word_1_262' title='bbox 1392 2573 1417 2631; x_wconf 71' lang='grc' dir='ltr'><em>ᾗ</em></span> <span class='ocrx_word' id='word_1_263' title='bbox 1443 2585 1621 2631; x_wconf 86' lang='lat' dir='ltr'>praetu-</span> 
     </span>
     <span class='ocr_line' id='line_1_34' title="bbox 243 2640 1622 2700; baseline 0.007 -20"><span class='ocrx_word' id='word_1_264' title='bbox 243 2640 406 2690; x_wconf 86' lang='lat' dir='ltr'>lerunt,</span> <span class='ocrx_word' id='word_1_265' title='bbox 443 2641 711 2696; x_wconf 82' lang='lat' dir='ltr'>interpretati</span> <span class='ocrx_word' id='word_1_266' title='bbox 734 2647 855 2683; x_wconf 88' lang='lat' dir='ltr'>sunt:</span> <span class='ocrx_word' id='word_1_267' title='bbox 899 2656 1063 2683; x_wconf 77' lang='lat' dir='ltr'>errans</span> <span class='ocrx_word' id='word_1_268' title='bbox 1103 2649 1333 2700; x_wconf 77' lang='lat' dir='ltr'>tamquam</span> <span class='ocrx_word' id='word_1_269' title='bbox 1371 2650 1527 2689; x_wconf 72' lang='lat' dir='ltr'>exsul:</span> <span class='ocrx_word' id='word_1_270' title='bbox 1557 2650 1622 2691; x_wconf 88' lang='lat' dir='ltr'>his</span> 
     </span>
     <span class='ocr_line' id='line_1_35' title="bbox 242 2711 1623 2779; baseline 0.009 -27"><span class='ocrx_word' id='word_1_271' title='bbox 242 2711 508 2754; x_wconf 83' lang='lat' dir='ltr'>Hermannus</span> <span class='ocrx_word' id='word_1_272' title='bbox 554 2712 711 2755; x_wconf 85' lang='lat' dir='ltr'>obiecit</span> <span class='ocrx_word' id='word_1_273' title='bbox 749 2711 891 2768; x_wconf 49' lang='lat' dir='ltr'>finon</span> <span class='ocrx_word' id='word_1_274' title='bbox 936 2714 981 2756; x_wconf 82' lang='lat' dir='ltr'>id</span> <span class='ocrx_word' id='word_1_275' title='bbox 1015 2729 1101 2757; x_wconf 88' lang='lat' dir='ltr'>esse</span> <span class='ocrx_word' id='word_1_276' title='bbox 1139 2717 1261 2772; x_wconf 86' lang='lat' dir='ltr'>quod</span> <span class='ocrx_word' id='word_1_277' title='bbox 1299 2718 1380 2775; x_wconf 74' lang='grc' dir='ltr'>ὡς,</span> <span class='ocrx_word' id='word_1_278' title='bbox 1423 2721 1496 2763; x_wconf 85' lang='lat' dir='ltr'>sed</span> <span class='ocrx_word' id='word_1_279' title='bbox 1530 2736 1623 2779; x_wconf 76' lang='lat' dir='ltr'>qua</span> 
     </span>
    </p>
   </div>
  </div>
 </body>
</html>
