2020 3326
655 166 1217 209 COMMENTARIUS.
1553 166 1632 206 103

247 309 399 363 campe*
422 307 603 348 steriles
628 308 711 362 qui
740 304 949 347 Sto-[lxma
978 305 1300 361 ec'rezmssemnt
1330 318 1416 346 non
1443 303 1629 344 audacia

248 386 332 429 est,
384 379 458 420 sed
504 378 715 419 temeritas
761 377 950 418 dicendi.
1013 377 1174 430 Quidni
1230 377 1530 433 confugiamus
1572 374 1628 415 ad

246 451 383 491 multo
414 450 718 506 simpliciorem
745 449 1169 504 interpretationem,
1211 464 1345 504 quam
1376 449 1459 489 alia
1491 447 1628 503 expli-

252 523 365 563 catio
410 521 610 563 adiectivi
650 521 902 581 ἀκαρπίστων
941 521 1225 576 suppeditat?
1278 521 1451 561 Scilicet
1487 533 1625 575 quum

249 595 448 655 καρπίζειν
478 608 566 634 non
597 599 763 633 tantum
795 594 845 632 sit
877 598 1047 633 (ferram
1066 592 1280 648 fertilem
1312 592 1516 641 reddere,
1551 590 1626 631 sed

248 667 514 727 καρπίζεσθαι
546 671 616 722 γῆν
635 664 809 722 fruges
840 665 1058 705 demetere
1089 670 1131 705 et
1162 670 1332 705 terram
1363 664 1520 705 erebra
1551 677 1629 703 sa-

248 744 371 779 ltone
418 738 692 786 exhaurire,
747 737 890 777 Sicilia
939 736 1026 776 dici
1070 736 1215 792 potuit
1260 737 1529 796 ακάρπιστος,
1581 734 1626 774 id

248 817 330 859 est,
379 816 497 851 tanta
529 809 744 850 fertilitate
778 816 822 849 ut
857 822 1023 864 semper
1049 809 1192 864 fruges
1217 809 1370 858 ferret,
1415 822 1496 849 nec
1528 808 1625 863 pla-

248 896 303 923 ne
337 881 506 938 fatigari
539 887 702 937 posset3
745 895 878 936 quam
909 880 1165 936 Sophocleis
1197 881 1335 922 verbis
1364 880 1520 921 dixeris
1550 886 1627 936 γοῖν

250 955 412 1014 ἄφθιτον
454 953 701 1010 ακαμοέτανὲ)
754 952 797 993 Si
838 952 1087 1011 ἀφύλακτον,
1121 967 1144 993 a
1175 952 1313 992 forma
1352 952 1518 1002 media,
1564 959 1626 993 est

249 1026 374 1081 qnod
401 1029 557 1066 caveri
587 1027 769 1081 nequit,
809 1025 982 1079 aliaque
1011 1024 1141 1066 verba
1173 1024 1354 1064 eandem
1385 1024 1632 1079 analogiam

249 1104 512 1152 sequuntur,
561 1110 639 1137 cur
669 1096 808 1136 minus
846 1097 1120 1156 ακοέρπιστοςὲ)
1166 1096 1263 1135 Non
1295 1096 1512 1135 contendo
1544 1096 1630 1135 Ho-

248 1170 431 1220 ratium,
464 1183 601 1224 quum
630 1169 774 1208 locum
804 1168 922 1208 l'innc
950 1168 1010 1208 sic
1043 1166 1342 1208 adumbraret:
1377 1167 1450 1207 vel
1474 1166 1632 1207 Eurus

245 1256 336 1298 per
383 1241 567 1281 Siculas
614 1242 838 1295 eqzcz‘lam'l
887 1240 1037 1279 undas
1087 1238 1187 1294 (Od.
1219 1238 1301 1288 IV,
1336 1238 1389 1287 4,
1421 1238 1523 1294 43),
1574 1238 1629 1279 ab

253 1312 586 1367 Euripideorum
639 1311 846 1351 sententia
897 1310 1142 1354 aberrasse,
1200 1309 1275 1350 sed
1320 1309 1494 1350 liberius
1538 1324 1633 1350 eam

254 1383 529 1439 explicuisse:
577 1397 676 1423 nam
717 1381 811 1442 ὑπὲρ
844 1381 985 1425 πεδίων
1017 1382 1190 1431 Σικελίας
1234 1396 1321 1422 non
1363 1388 1531 1422 tantum
1574 1389 1635 1423 est

251 1470 392 1511 super
420 1456 593 1510 eampis
625 1454 839 1504 Siciliae,
877 1455 950 1495 sed
982 1455 1289 1511 complectitur
1317 1453 1431 1495 hanc
1462 1461 1632 1495 senten-

251 1528 381 1567 tiam:
426 1527 541 1567 venti
579 1526 633 1566 ab
671 1526 901 1567 occidente
941 1541 1078 1582 usque
1110 1533 1151 1567 et
1189 1526 1334 1566 Sicilia
1370 1526 1524 1566 flantes
1555 1540 1635 1582 per

251 1613 369 1640 mare
401 1598 640 1638 Phoenissis
675 1598 944 1639 obstiterant.
984 1623 1041 1629 —
1086 1599 1182 1639 Non
1211 1597 1433 1638 intercedo
1473 1611 1527 1638 ne
1566 1612 1636 1638 ac-

251 1671 468 1712 cusativus
498 1670 704 1713 καῖ),).ιστον
737 1670 944 1727 κελάδημα
979 1677 1096 1711 arcte
1132 1671 1337 1726 iungatur
1363 1684 1463 1710 cum
1501 1670 1635 1713 ἱππεύ-

249 1760 386 1792 σαντος
400 1779 416 1799 ,
447 1744 578 1784 modo
609 1758 662 1784 ne
693 1746 826 1792 πνοαῖς
858 1743 912 1784 ab
944 1743 1028 1784 hac
1061 1742 1446 1798 comprehensione
1482 1744 1631 1783 exclu-

251 1816 400 1866 datur;
441 1815 564 1870 quod
601 1816 631 1855 si
655 1816 725 1865 fit,
762 1817 902 1872 figura
931 1815 1060 1855 exibit
1086 1814 1379 1855 intolerabilis.
1423 1814 1636 1870 Strepitus

251 1887 322 1926 ille
362 1887 501 1927 dulcis
532 1889 645 1928 venti
683 1902 771 1929 non
803 1889 940 1928 oritur
972 1902 1022 1928 ex
1055 1887 1144 1927 eius
1176 1887 1468 1942 equitatione,
1509 1888 1583 1927 sed
1613 1901 1636 1928 e

252 1959 360 1998 flatu
390 1972 521 2013 quem
554 1959 777 2014 Zephyrus
809 1959 1003 2000 celeriter
1034 1958 1271 2014 equitando
1307 1957 1480 1998 excitat.

311 2027 413 2069 218.
463 2028 674 2086 Καδμείων
726 2031 856 2087 ἔμολον
898 2038 990 2087 γοῖν.
1044 2031 1161 2070 Haec
1202 2030 1328 2069 lectio
1366 2029 1516 2069 nititur
1556 2044 1634 2070 au-

255 2101 455 2141 ctoritate
502 2101 711 2142 librorum
755 2103 1089 2142 nonnullorum:
1139 2101 1210 2140 alii
1250 2099 1288 2141 (l'
1320 2100 1471 2157 ἔμολονε
1518 2101 1637 2142 illam

255 2172 333 2227 qui
385 2180 670 2227 receperunt,
727 2174 967 2214 necessario
1012 2172 1214 2228 strophae
1259 2179 1300 2212 et
1342 2173 1637 2229 antistrophae

258 2244 511 2283 sententiam
546 2245 929 2294 continuaverunt,
966 2257 1047 2284 nec
1080 2244 1363 2284 distinxerunt
1391 2251 1488 2300 post
1520 2245 1639 2287 κελοί-

257 2313 395 2372 (twa,
439 2315 512 2355 sed
552 2323 648 2370 post
692 2315 849 2371 Λοξιά;
899 2329 1129 2372 perperam
1174 2321 1424 2371 utrumque.
1477 2316 1520 2357 si
1557 2332 1638 2375 ego

260 2387 391 2428 Chori
421 2393 596 2427 cantum
627 2389 843 2444 intelligo‚
879 2388 1042 2444 primae
1075 2386 1278 2442 strophae
1307 2389 1513 2428 sententia
1541 2390 1638 2444 pla-

260 2473 314 2499 ne
344 2459 388 2499 in
432 2459 520 2499 eius
554 2459 640 2500 fine
680 2460 937 2500 absolvitur:
982 2457 1249 2513 antistropha
1286 2460 1440 2514 repetit
1475 2460 1645 2502 initium

260 2530 489 2586 strophae,
534 2545 585 2571 ac
618 2532 878 2587 respondent
922 2531 1128 2591 ἀκροθίνια
1160 2529 1292 2585 Λοξία
1328 2556 1385 2561 ——
1417 2531 1645 2576 καλλιστεύ-

264 2619 373 2658 ματα
406 2601 556 2657 Αοξία.
603 2603 757 2659 Itaque
787 2618 846 2645 vs.
873 2602 972 2644 218.
1005 2601 1042 2644 δ’
1074 2604 1277 2643 insertum
1308 2603 1477 2645 videtur
1509 2605 1563 2646 ab
1595 2620 1646 2646 eo

267 2675 342 2730 qui
383 2675 525 2716 locum
566 2689 652 2716 non
690 2677 767 2717 rite
804 2681 1081 2732 perspectum
1123 2676 1335 2731 corrigere
1374 2662 1528 2719 voluit:
1578 2679 1646 2719 ni-
