2020 3326
621 210 1193 261 COMMENTARIUS.
1545 213 1598 254 91

225 359 479 401 exclamatio
520 357 694 414 virginis
734 355 849 404 ἄλλος
892 354 1008 403 ἅὶᾶος
1050 353 1116 397 κτὲ
1156 352 1280 394 nimis
1320 352 1507 407 abrupta
1543 356 1605 390 est

228 438 325 487 post
369 430 501 472 verba
539 430 647 470 senis
682 446 756 485 ουχ
791 429 916 488 ὁρᾷς,
949 441 1062 483 quae
1096 427 1321 481 requirunt
1358 431 1405 465 ut
1437 422 1608 478 aliquid

230 503 568 559 iespondeatu1‚
609 501 724 541 unde
759 506 968 556 appareat
1000 498 1137 538 oeulis
1177 497 1321 539 videre
1346 496 1608 551 Antigonam

234 590 331 616 eum
368 588 500 629 quem
537 573 721 613 ostendit
764 585 906 612 senex.
957 571 1113 625 Itaque
1144 570 1320 609 fortasse
1357 567 1611 608 exciderunt

232 647 362 689 verba
392 646 468 705 ὁρῶ
501 661 581 700 νιν,
625 650 665 683 et
704 645 747 683 in
788 643 1004 683 nonnullis
1041 641 1159 681 libris
1195 640 1401 697 languido
1441 639 1612 696 λοχαγόν

233 720 380 759 locum
411 722 644 757 cesserunt.
699 714 817 754 Infra
846 728 907 755 vs.
934 713 1028 754 161.
1072 714 1128 754 Π.
1155 713 1277 772 ὁρᾷς5
1311 711 1376 753 Ἀ.
1412 713 1490 772 ὁρῶ
1522 709 1608 756 δῆτ’

233 791 275 834 οὐ
309 793 442 850 σαφῶς
476 787 557 831 κτὲ.
594 787 658 828 Cf.
688 786 823 841 Soph.
854 785 926 825 El.
953 784 1041 826 928
1064 799 1130 840 sq.
1158 791 1198 825 et
1223 785 1320 824 alia.
1361 784 1446 824 Sed
1472 796 1615 838 neque

234 864 344 904 haec
375 875 534 918 urgeo,
577 866 619 900 et
653 858 852 899 lubenter
884 871 1173 897 commemoro
1203 857 1498 896 coniecturam
1528 855 1615 895 Ha-

236 934 401 976 makeri
434 933 541 980 mei,
576 930 766 987 putantis
799 943 858 970 vs.
898 929 1139 971 127—133.
1175 927 1305 969 verba
1336 930 1356 968 ἕ
1387 930 1407 969 ἕ
1434 927 1486 976 ὡς
1517 929 1616 983 γαῦ-

237 1025 300 1068 ρος
335 1031 392 1038 ——
425 1006 480 1053 τίς
513 1003 549 1046 δ’
586 1002 686 1045 ἐστὶν
718 998 854 1056 οὗτος,
887 1001 1011 1041 unius
1045 1000 1287 1055 Antigonae
1317 1013 1417 1039 esse.
1449 1000 1619 1040 Revera

239 1080 348 1120 haec
384 1078 546 1133 optime
581 1075 861 1115 conferantur
894 1086 993 1112 cum
1022 1070 1101 1111 145
1127 1084 1225 1125 sqq.
1267 1070 1359 1125 (ubi
1385 1070 1470 1111 vid.
1499 1070 1612 1125 not.)

242 1158 283 1192 et
314 1164 372 1192 vs,
398 1146 646 1191 175-1802
686 1144 847 1200 dialogi
880 1144 991 1183 enim
1016 1143 1143 1182 huius
1177 1142 1286 1181 ratio
1325 1142 1533 1182 eiusmodi
1560 1148 1621 1182 est

242 1229 290 1263 ut
326 1221 540 1276 Antigone
572 1219 826 1272 interroget,
875 1215 972 1269 quis
998 1213 1069 1253 1110
1107 1213 1173 1252 vel
1202 1213 1272 1252 ille
1301 1213 1352 1252 sit
1379 1213 1455 1267 qui
1487 1213 1623 1252 oculis

245 1295 333 1334 eius
371 1292 599 1341 obiicitur,
644 1286 890 1343 Paedagogi
931 1291 1099 1326 tantum
1140 1284 1221 1324 sint
1264 1290 1409 1339 partes
1445 1297 1622 1339 respon-

247 1365 392 1406 dendi.
583 1360 589 1361 7

310 1436 405 1477 142.
512 1431 640 1490 σημεῖ’
674 1431 767 1474 ἰδὼν
802 1430 878 1474 τότ’
913 1428 1091 1473 ἀσπίδων
1125 1428 1311 1487 ἐγνώρισα
1323 1463 1340 1483 ,

514 1504 686 1553 σπονδὰς
719 1504 773 1547 ὅτ’
807 1501 927 1549 ἦλθον
958 1508 1016 1561 σῷ
1048 1506 1267 1560 κασιγνήτῳ
1299 1501 1448 1560 φέρων,

516 1578 544 1620 ἃ
576 1575 873 1638 προσῶεὸορκὼς
907 1575 989 1618 κτὲ.

310 1629 518 1693 Adhaesit
550 1651 594 1690 in
623 1663 746 1691 versu
776 1647 1030 1689 intermedio
1063 1645 1425 1693 Valckenaerius,
1462 1642 1629 1698 quippe

252 1725 431 1766 totidem
458 1721 596 1765 verbis
626 1722 711 1761 iam
742 1734 892 1775 supra,
927 1733 984 1761 vs.
1006 1718 1086 1768 97,
1121 1718 1283 1773 posit03
1318 1716 1392 1758 sed
1422 1729 1519 1757 vere
1546 1715 1630 1754 hoc

253 1798 351 1838 loeo
382 1795 615 1851 repetitum
655 1806 741 1832 esse
783 1791 863 1832 sibi
892 1791 1099 1847 persuasit
1132 1803 1205 1838 eo,
1247 1788 1370 1844 quod
1400 1786 1632 1827 crediderit

255 1870 432 1910 fortasse
469 1865 694 1921 Euripides
734 1878 758 1904 a
799 1877 984 1919 persona
1026 1862 1134 1902 senis
1183 1874 1272 1900 non
1311 1860 1497 1900 alienum
1548 1871 1634 1897 esse

258 1940 408 1981 eadem
434 1945 647 1993 repetere:
689 1937 797 1991 quin
823 1934 986 1976 censeri
1017 1947 1197 1989 quoque
1224 1945 1347 1988 posse
1374 1930 1634 1985 Antigonam

259 2025 389 2067 supra
422 2011 537 2050 dicta
577 2023 601 2049 a
633 2008 892 2063 Paedagogo
924 2020 1012 2046 non
1042 2005 1315 2052 intellexisse,
1357 2009 1402 2043 ut
1434 2001 1635 2041 remotio-

259 2097 372 2124 rem:
417 2081 605 2135 denique
646 2081 732 2122 τότε
772 2092 832 2119 vs.
862 2076 958 2117 142.
993 2076 1140 2116 obesse
1168 2089 1258 2130 quo
1286 2074 1426 2114 minus
1454 2086 1636 2127 sequens

263 2168 407 2197 versus
437 2153 645 2192 deleatur.
702 2148 745 2190 Si
784 2149 920 2204 repeti
957 2148 1145 2204 potuisse
1186 2146 1403 2194 concedo,
1444 2144 1638 2184 nondum

262 2226 422 2282 largior
446 2223 594 2264 iisdem
620 2221 757 2263 verbis
782 2234 893 2275 opus
918 2219 1060 2259 fuisse:
1098 2225 1137 2258 et
1164 2217 1434 2273 parcendum
1460 2228 1639 2270 quoque

265 2297 346 2337 fuit
379 2295 556 2336 auribus
595 2291 908 2348 spectantium,
949 2290 1025 2344 qui
1053 2296 1170 2329 certo
1200 2288 1384 2343 proximi
1415 2300 1558 2328 versus
1582 2285 1641 2328 97

266 2366 638 2413 recordabantur,
687 2370 818 2418 atque
856 2360 1142 2401 observabant
1180 2359 1238 2399 ibi
1278 2359 1538 2414 completam
1576 2371 1640 2397 es-

267 2453 309 2481 se
340 2438 592 2480 sententiam
625 2435 765 2478 verbis
795 2431 942 2475 ἐνθένδ’
967 2432 1086 2474 ἐκεῖσε
1109 2431 1223 2492 δεῦρο’
1245 2431 1279 2473 τ’
1303 2426 1351 2472 αὖ
1372 2431 1488 2472 κείνου
1509 2432 1637 2490 πάρα.

268 2512 329 2552 De
364 2511 497 2550 altera
534 2507 813 2548 dubitationis
845 2519 1001 2554 causa,
1036 2518 1124 2544 11011
1154 2504 1328 2544 omnino
1359 2502 1535 2558 quidem
1562 2502 1642 2541 fal-

269 2597 362 2624 sum
389 2581 559 2623 videtur
598 2579 703 2635 fingi
735 2578 994 2633 Antigonam
1023 2577 1169 2631 priora
1203 2575 1342 2615 minus
1376 2580 1492 2614 recte
1519 2572 1644 2613 intel-

272 2653 443 2703 lexisse;
490 2651 562 2692 sed
605 2658 709 2691 tunc
761 2650 866 2689 dixit
913 2662 1039 2688 senex
1092 2661 1133 2687 se
1187 2647 1328 2687 omnia
1373 2651 1646 2685 narraturum

274 2739 386 2781 quae
431 2724 583 2773 sciret,
636 2722 749 2764 unde
791 2735 879 2762 non
920 2720 1114 2775 sequitur
1151 2725 1248 2760 eum
1290 2718 1433 2759 omnia
1472 2716 1645 2758 omnino
