2020 3326
430 1006 691 1050 ΪΞΧΟΛΙΑ
735 1005 842 1047 ΕΙΣ
884 1003 1021 1046 ΤΗΝ
1066 1002 1363 1045 ΕΚΑΒΗΝ.

542 1180 593 1234 [Ε
625 1178 784 1220 Codice
815 1176 1031 1216 Marciano
1062 1174 1141 1215 471
1173 1174 1248 1229 (V)

617 1270 657 1303 et
689 1262 901 1305 Vaticano
931 1259 1017 1301 909
1043 1259 1121 1315 (R)
1143 1259 1179 1314 ].

274 1452 325 1494 V.
359 1451 395 1490 l.
452 1448 676 1507 Προλογίζει
718 1444 948 1505 Πολύδωρος
991 1442 1166 1499 Ἑκάβης
1196 1444 1248 1485 ὼν
1279 1446 1425 1500 γνήσιος
1457 1446 1577 1498 παῖς,

216 1524 254 1567 ὃν
276 1529 289 1552 ¹
333 1522 577 1581 Πολυμης-ωρ
617 1521 636 1562 ὁ
679 1525 744 1568 τῆς
792 1518 955 1578 Θράκης
996 1515 1176 1572 βασιλεὺς
1202 1516 1384 1559 ἀνεῖλεν.
1429 1518 1496 1563 την
1536 1516 1582 1559 δὲ

219 1595 393 1652 Ἑκάβην
426 1596 624 1652 Δύμαντος
652 1593 684 1634 οἱ
715 1590 844 1635 πολλοὶ
877 1588 922 1632 δὲ
952 1590 1135 1638 Κισσέως.
1171 1592 1252 1632 ἔνιοι
1282 1588 1326 1632 δὲ
1347 1592 1577 1650 γράφουσιν·

220 1667 444 1724 Ἑκάβης
489 1670 608 1715 παῖς
647 1665 808 1722 γεγὼς
849 1669 934 1712 τῆς
975 1664 1201 1711 Κισσέως
1250 1661 1314 1704 και1
1345 1665 1584 1719 ςοχάζονται

219 1743 296 1787 ἀπὸ
334 1745 459 1799 γένους
491 1740 584 1788 τινὸς
616 1744 682 1788 τῆς
712 1737 882 1799 Φρυγίας
913 1737 935 1782 ἢ
967 1736 1097 1793 κώμης
1137 1738 1253 1784 οὕτως
1284 1735 1402 1781 αὐτην
1431 1751 1582 1796 προσα-

220 1815 462 1876 γορεύεσθαι,
515 1813 565 1861 ὡς
600 1811 666 1853 καὶ
706 1810 910 1870 Φιλόχορος
930 1809 947 1833 ²
990 1807 1027 1850 ἐν
1068 1814 1114 1865 τῇ
1156 1808 1249 1868 πρὸς
1292 1807 1583 1856 Ἀσκληπιάδην

222 1888 394 1944 επις-ολῇ.

282 1962 333 2003 τά
376 1957 459 2018 περὶ
502 1959 568 2003 τὴν
609 1955 752 2006 ξένην3
793 1957 852 2003 ἔςι
894 1953 957 1994 καὶ
999 1954 1107 2013 παρὰ
1147 1952 1332 2013 Σοφοκλεῖ
1367 1951 1485 2012 εὑρεῖν
1520 1951 1584 1994 καὶ

224 2032 306 2093 περὶ
337 2029 550 2081 Πολυξένην
565 2045 636 2069 :—

286 2101 509 2158 Ἑκάβης
550 2103 674 2149 παῖς
713 2100 873 2157 γεγὼς
910 2099 1167 2158 Πριάμου;
1223 2095 1437 2157 Φερεκύδης
1479 2100 1582 2158 γρά-

225 2196 280 2239 φει
309 2179 449 2225 οὕτως·
495 2174 671 2234 Πρίαμος
708 2171 753 2214 δὲ
793 2172 813 2213 ὁ
855 2170 1126 2228 Λαομέδοντος
1163 2170 1287 2226 γαμεῖ
1312 2166 1488 2223 Ἑκάβην
1519 2170 1585 2215 τὴν

226 2252 425 2308 Δύμαντος
464 2251 528 2289 τοῦ
569 2246 708 2293 Ἰονέως
738 2248 803 2286 τοῦ
834 2244 1022 2304 Πρωτέως
1055 2243 1077 2288 ἢ
1111 2242 1332 2302 Σαγγαρίου
1364 2244 1429 2284 τοῦ
1461 2257 1584 2285 ποτα-

226 2328 298 2381 μοῦ
337 2321 401 2364 καὶ
442 2318 589 2369 Νηΐδος
620 2318 761 2378 νύμφης
793 2317 1013 2376 Εὐαγόρας.
1068 2315 1319 2363 Γλαυκίππην
1351 2311 1388 2356 δ’
1410 2316 1491 2357 ἔνιοι
1520 2316 1587 2359 την

225 2398 383 2440 Ξάνθου
423 2399 488 2443 τῆς
519 2389 695 2447 Ἑκάβης
737 2387 991 2450 παρέδοσαν4
1022 2389 1182 2448 μητέρα.
1227 2386 1445 2447 Νίκανδρος
1483 2386 1527 2430 δὲ
1567 2388 1586 2429 ὁ

227 2466 418 2531 Εὐριπίδη
449 2463 677 2526 συνδραμὼν
704 2464 770 2508 την
800 2460 975 2517 Ἑκάβην
1006 2460 1093 2521 φησὶ
1125 2461 1319 2508 Κισσέως”

372 2537 493 2581 ’Ἔνθ’
513 2535 669 2592 Ἑκάβη
690 2533 853 2584 Κισσηῒς
863 2570 879 2590 ,
901 2533 954 2577 ὅτ’
978 2533 1015 2575 ἐν
1037 2532 1123 2592 πυρὶ
1146 2532 1300 2593 δέρκετο
1320 2535 1470 2593 πάτρην

373 2611 438 2654 καὶ
461 2613 566 2653 πόσιν
587 2608 822 2658 ἑλκηὲεἴσα5
844 2607 1167 2669 παρασπαίροντα
1187 2605 1352 2655 θυηλαῖς
1364 2605 1400 2661 ⁶,

376 2685 424 2733 εἷς
446 2684 525 2726 ἅλα
546 2681 677 2727 ποσσὶν
692 2681 708 2707 ⁷
730 2685 859 2742 ὄρουσε
882 2678 946 2722 καὶ
968 2680 1010 2725 ἣν
1032 2676 1395 2739 ἠλλάξατο-μορφὴν

380 2754 740 2817 γρηιονυρνακίδεσιν
753 2753 771 2779 ⁶
792 2752 994 2810 ἐειδόμενον
1013 2751 1264 2794 σκυλάκεσσιν
1277 2767 1347 2792 :—-·
1478 2749 1527 2792 V.
