2020 3326
571 217 1135 259 COMMENTARIUS.
1480 218 1531 259 81

169 357 396 414 perforatis
422 357 535 396 ferro
562 355 773 411 pedibus,
797 368 889 418 'non
920 356 963 395 in
989 355 1164 416 λεωφόρῳ
1176 392 1193 412 ,
1228 357 1302 397 sed
1333 358 1377 398 in
1415 370 1538 397 mon-

166 437 205 470 te
233 429 425 478 deserto,
453 434 500 468 ut
531 427 589 467 ibi
616 427 788 483 periret.
824 427 1040 479 Quoniam
1066 429 1197 484 igitur
1226 435 1362 470 mater
1390 429 1541 470 ordine

164 506 331 542 narrat
367 513 482 555 quae
525 498 762 548 auditores,
807 504 852 538 ut
884 513 966 554 par
1005 506 1088 550 est,
1134 501 1264 557 plane
1296 502 1543 557 ignorantes

165 573 412 629 finguntur,
439 571 635 611 nondum
661 570 855 611 Iocastae
882 571 981 612 licet
1010 586 1370 623 commemorare,
1395 573 1541 629 quod-

166 659 267 685 nam
308 657 463 684 nomen
508 642 622 683 filius
663 649 817 683 nactus
853 643 904 683 sit
945 658 1024 699 per
1065 650 1198 685 totam
1235 644 1458 695 Graciam,
1499 644 1544 685 id

167 723 252 765 est,
289 721 523 770 postquam
554 713 823 764 adoleverat3
858 714 973 755 idem
1003 716 1188 765 scilicet,
1221 716 1274 757 de
1311 730 1401 772 quo
1433 730 1542 756 non-

169 788 274 827 dum
316 787 470 827 dixerit
514 800 611 826 eum
652 786 779 827 morti
831 793 1028 842 ereptum
1075 801 1161 828 esse
1207 794 1248 828 et
1294 788 1542 829 adolevisse.

169 858 213 899 Si
244 858 345 899 fecit
377 858 494 898 hunc
524 871 693 897 versum
727 857 978 912 Euripides,
1028 859 1318 915 incogitanter
1357 859 1540 915 scripsit.

169 929 354 971 Amabat
395 929 697 984 etymologias:
744 929 963 978 concedo,
1009 936 1049 970 et
1080 937 1273 984 poterat,
1307 930 1438 971 modo
1466 945 1545 986 ap-

170 1002 276 1051 tius,
309 1000 462 1056 origini
495 999 696 1040 vocabuli
730 999 930 1056 Oedipus
962 1001 1167 1042 alludere.
1216 1001 1301 1042 Sed
1332 1002 1454 1042 licuit
1484 1002 1545 1042 ei-

171 1073 270 1113 dem
300 1073 515 1112 omittere:
550 1072 737 1127 quidni?
764 1079 805 1112 et
833 1068 1070 1127 gratissima
1094 1073 1174 1114 fuit
1205 1073 1327 1114 fabro
1353 1074 1546 1130 interpo-

170 1144 286 1185 lendi
316 1144 489 1185 occasio
520 1144 563 1184 in
595 1157 639 1183 re
672 1144 898 1184 tralaticia.

229 1214 286 1256 30
315 1229 379 1271 sq.
618 1217 639 1259 ἡ
674 1213 718 1257 δὲ
752 1215 813 1257 τὸν
845 1214 934 1271 ἐμὸν
966 1214 1110 1257 ὠδίνων
1141 1217 1250 1258 πόνον

409 1289 570 1344 μαστοῖς
602 1288 727 1346 ὑφεῖτο
759 1286 823 1328 καὶ
858 1289 965 1330 πόσιν
997 1288 1120 1330 πείθει
1152 1291 1287 1330 τεκεῖν.

172 1359 405 1400 Dubitatur
444 1359 715 1413 scripseritne
752 1359 980 1415 Euripides
1020 1362 1157 1409 τεκεῖν,
1202 1374 1317 1416 quae
1354 1366 1554 1400 constans

176 1430 306 1471 lectio
347 1437 434 1479 est,
483 1444 537 1470 an
581 1431 747 1490 τρέφειν,
794 1431 915 1486 quod
957 1432 1142 1472 coniecit
1181 1431 1397 1487 Nagelius.
1456 1431 1553 1472 Non

173 1516 575 1551 commemorarem,
610 1509 651 1542 et
682 1503 1003 1558 acquiescerem
1031 1504 1076 1543 in
1107 1503 1394 1558 explicatione
1423 1502 1551 1543 Klot-

172 1575 319 1623 ziana‚
353 1574 452 1615 licet
478 1574 598 1614 haud
625 1575 724 1615 satis
749 1575 876 1630 plena
907 1575 982 1623 sit,
1018 1575 1097 1615 nisi
1125 1575 1394 1615 Hermannus
1423 1574 1552 1614 dixis-

173 1653 234 1686 set
274 1646 464 1702 potuisse
511 1646 684 1687 Poetam
725 1649 844 1689 τεκεῖν
885 1646 1093 1696 scribere,
1143 1647 1332 1702 potuisse
1372 1660 1553 1702 quoque

174 1719 331 1778 τρέφειν.
366 1719 456 1774 Ego
483 1717 668 1758 arbitror
693 1718 890 1759 debuisse
920 1718 1171 1773 Euripidem
1193 1720 1312 1760 τεκεῖν
1340 1717 1549 1765 scribere,

173 1804 262 1831 non
297 1790 485 1845 potuisse
527 1791 688 1850 τρέφειν,
745 1804 768 1830 a
806 1804 895 1845 qua
938 1789 1282 1830 consideratione
1324 1789 1554 1845 Sophoclis

176 1875 277 1903 cum
318 1862 524 1918 Euripide
566 1862 936 1918 comparationem
961 1861 1290 1903 excludendam
1319 1868 1449 1917 puto:
1495 1860 1553 1901 ad

175 1934 293 1974 hunc
334 1934 446 1974 enim
485 1934 592 1975 nihil
635 1935 821 1989 pertinet
863 1948 953 1989 quo
992 1934 1123 1974 modo
1166 1934 1236 1973 ille
1281 1933 1555 1973 traditionem

177 2004 446 2059 explicuerit.
484 2006 577 2045 Hoc
604 2012 769 2046 certum
800 2012 886 2054 est,
916 2006 959 2045 in
991 2018 1082 2060 quo
1108 2011 1301 2046 versatur
1330 2003 1551 2059 quaestio,

177 2089 355 2116 uxorem
383 2076 535 2130 Polybi
566 2077 718 2117 marito
748 2077 977 2131 parvulum
1009 2075 1227 2131 Oedipum
1257 2074 1550 2130 supposuisse:

177 2147 312 2203 idque
338 2147 495 2203 colligo
523 2161 572 2187 ex
597 2148 697 2203 ipsis
719 2147 913 2188 locastae
941 2146 1094 2189 verbis.
1129 2147 1245 2187 Haec
1275 2146 1408 2195 enim,
1439 2146 1470 2185 si
1498 2145 1554 2185 si-

178 2219 385 2275 gnificare
418 2219 544 2259 vellet
585 2219 755 2275 petiisse
791 2218 996 2273 Meropen
1030 2232 1054 2258 a
1089 2217 1253 2272 Polybo
1299 2224 1345 2256 ut
1375 2217 1554 2257 allatum

179 2305 204 2331 a
231 2290 432 2331 bubulcis
461 2289 668 2330 infantem
694 2296 878 2331 servaret
902 2295 943 2329 et
972 2289 1200 2337 educaret,
1235 2288 1340 2328 nihil
1362 2289 1441 2328 nisi
1468 2288 1554 2329 hoc

182 2361 326 2402 dicere
360 2361 557 2401 deberet:
590 2375 707 2402 nunc
742 2374 864 2402 vero:
897 2362 1090 2417 μαστοῖς,
1123 2360 1291 2415 inquit,
1331 2359 1456 2419 ὑφεῖτο
1487 2359 1553 2401 καὶ

182 2436 290 2477 πόσιν
321 2434 445 2476 πείθει
488 2435 607 2475 τεκεῖν
620 2467 636 2488 ,
680 2432 734 2472 de
774 2432 985 2473 industria
1034 2445 1261 2487 opponens
1307 2432 1390 2474 τὸν
1433 2431 1553 2489 ἐμὸν

177 2505 323 2548 ὠδίνων
354 2507 461 2549 πόνον
504 2511 544 2545 et
578 2505 699 2548 πείθει
731 2506 870 2546 τεκεῖν;
907 2504 1161 2560 persuadet
1193 2506 1358 2544 marito
1390 2519 1437 2544 se
1467 2519 1553 2561 pe-

174 2581 358 2634 perisse
396 2593 614 2634 puerum,
661 2591 789 2633 quem
832 2591 909 2633 ego
954 2591 1052 2616 cum
1089 2576 1243 2616 dolore
1269 2591 1551 2632 pepereram.

181 2650 324 2702 Quid,
359 2663 543 2705 quaeso,
580 2655 752 2705 praeter
779 2648 1098 2703 garrulitatem,
1143 2647 1292 2687 inesset
1324 2647 1409 2688 his:
1446 2663 1556 2703 per-

184 2722 347 2763 suadet
381 2724 546 2762 marito
591 2726 639 2762 ut
670 2725 818 2762 servet
844 2734 1060 2775 puerum,
1101 2715 1230 2775 quem
1261 2734 1340 2776 ego
1365 2734 1557 2776 pepere-

1298 2789 1328 2835 6
