2020 3326
441 261 527 301 210
842 260 1406 302 COMMENTARIUS.

445 398 606 438 iecisset
632 398 743 437 enim
765 395 1013 450 Euripidem
1035 396 1277 451 reliquisse:
1310 398 1558 454 ἄλγιστον
1593 403 1688 444 αἰτῶ
1720 406 1807 445 στέ-

449 484 575 527 φανονε
596 481 748 522 nempe
771 466 807 516 ἐς
830 466 947 509 κακὸν
969 466 1052 515 τοὺς
1073 467 1199 527 φίλους
1220 472 1323 525 ἄγειν
1346 470 1515 526 ἀλγεινόν
1543 472 1695 528 (Soph.
1715 474 1811 514 An-

450 543 529 595 tz'g.
558 539 678 594 438).
729 539 873 579 Talem
909 553 988 595 ego
1024 539 1201 594 quidem
1239 542 1541 597 exspectabam
1567 544 1816 598 Polynicem

450 610 753 666 Euripideum,
796 611 873 666 qui
904 611 948 651 in
989 611 1105 651 exitu
1145 625 1324 666 precum
1354 613 1583 668 impiarum
1612 615 1816 655 adiiceret

447 682 625 722 verbum
652 681 706 721 de
731 681 880 722 dolore
907 695 1000 722 suo:
1030 681 1101 722 hic
1127 682 1241 723 idem
1267 690 1348 733 est,
1381 685 1457 739 qui
1483 700 1611 741 supra
1640 701 1697 727 vs.
1716 686 1814 726 433.

446 753 570 793 matri
602 752 728 792 dixit:
776 752 905 795 πολλοὶ
936 752 980 795 δὲ
1012 753 1177 794 Δαναῶν
1208 753 1272 795 καὶ
1304 755 1534 804 Μυκηναίων
1562 761 1670 817 ἄκροι
1699 759 1815 816 Πάρ-

450 841 543 879 eto-t,
594 824 792 885 λυπρὰν
845 828 962 885 χάριν
1014 826 1234 883 ἀναγκαίαν
1276 825 1314 868 δ’
1368 827 1448 885 ἐμοὶ
1501 828 1677 878 Διδόντες
1745 829 1817 884 (de

453 911 542 952 quo
573 897 734 952 optime
768 897 1029 938 Scholiasta:
1072 900 1220 959 ἔμφρων
1251 898 1315 940 καὶ
1347 899 1493 948 ἐλεεινὸς
1525 900 1677 957 λόγος);
1720 901 1818 955 qui-

450 981 536 1022 que
563 968 607 1008 in
633 968 726 1023 ipsa
751 975 887 1008 morte
916 969 969 1009 de
996 970 1188 1020 Eteocle,
1218 985 1273 1012 vs.
1299 971 1421 1012 1452.
1449 972 1551 1031 φίλος
1573 973 1652 1032 γὰρ
1676 971 1819 1031 ἐχθρὸς

448 1039 603 1096 ἐγένετ’,
635 1040 722 1081 αλλ’
745 1043 844 1097 ὅμως
866 1040 988 1099 φίλος.
1024 1042 1103 1082 Hic
1126 1043 1370 1097 PolyniceS,
1402 1045 1478 1099 qui
1498 1058 1556 1085 vs.
1576 1042 1819 1085 628—638.

449 1112 624 1152 duriora
638 1112 681 1152 in
702 1112 875 1152 fratrem
892 1113 1077 1161 dixerat,
1098 1128 1233 1168 quum
1252 1114 1472 1170 indignam
1498 1116 1696 1155 iniuriam
1719 1115 1820 1155 sub-

449 1185 555 1232 iret,
587 1197 726 1232 nunc,
760 1197 897 1238 quum
929 1184 985 1224 ad
1019 1199 1211 1240 pugnam
1252 1192 1425 1226 ventum
1456 1193 1515 1226 est
1553 1193 1593 1226 et
1625 1193 1821 1226 mutuam

454 1254 657 1303 caedem,
694 1255 880 1309 sopitum
911 1255 1112 1310 quidem,
1155 1263 1197 1296 at
1227 1257 1420 1297 nondum
1450 1258 1706 1299 exstinctum
1736 1271 1823 1297 esse

452 1326 687 1366 fraternum
721 1339 908 1366 amorem
943 1327 1149 1367 declarat.
1196 1328 1309 1368 Ferri
1338 1342 1423 1369 non
1454 1336 1594 1384 potest
1624 1330 1820 1385 αἴσχιστον

457 1398 574 1440 αἰτῶν
608 1397 817 1456 στέφανον,
849 1399 1044 1452 quamvis
1071 1398 1114 1438 in
1145 1412 1218 1438 ore
1246 1400 1393 1439 nuncii
1428 1400 1567 1454 (quod
1598 1401 1630 1440 si
1663 1401 1821 1441 tenuis-

457 1476 517 1510 set
548 1468 853 1517 Firnhaberus,
890 1484 933 1523 p.
961 1467 1033 1508 99.
1064 1483 1151 1509 non
1182 1470 1356 1525 largitus
1389 1477 1493 1510 esset
1524 1479 1618 1526 post
1650 1472 1822 1527 longam

454 1540 741 1580 defensionem
772 1539 1145 1595 oppugnatoribus
1177 1540 1302 1580 huius
1333 1554 1496 1590 versuS,
1538 1549 1584 1582 ut
1614 1556 1694 1597 pro
1726 1543 1822 1583 αἰτῶ

458 1612 688 1667 corrigeret
719 1611 844 1666 αἰτεῖ,
877 1625 990 1666 quae
1020 1618 1241 1665 praeterea
1272 1611 1389 1652 haud
1420 1613 1516 1652 satis
1546 1614 1822 1654 commenda-

453 1683 549 1723 bilis
564 1690 622 1723 est
647 1683 932 1737 coniectura).
969 1681 1087 1721 Alter
1109 1682 1285 1736 quidem
1301 1683 1484 1723 nuncius
1499 1698 1556 1723 vs.
1581 1684 1703 1724 1226.
1738 1700 1821 1740 pu-

456 1769 565 1810 gnae
592 1755 813 1810 singularis
839 1754 1062 1794 consilium
1094 1754 1326 1809 appellavit
1352 1755 1580 1812 τολμήματα
1611 1755 1820 1812 αἴσχιστα;

459 1827 518 1866 ibi
556 1840 655 1867 vero
688 1825 949 1881 loquebatur
982 1825 1035 1864 de
1068 1826 1289 1865 consilio:
1331 1840 1448 1866 nunc
1481 1827 1524 1867 in
1555 1829 1822 1868 enarratione

460 1899 701 1939 certaminis
738 1897 951 1952 tristisque
991 1903 1164 1938 eventus
1200 1904 1420 1951 peccasset
1447 1898 1600 1947 Poeta,
1637 1899 1668 1938 si
1701 1899 1826 1939 huius

459 1970 667 2011 nuncium
712 1967 981 2008 acerbissima
1034 1968 1348 2023 vituperatione
1393 1975 1580 2009 utentem
1630 1970 1821 2018 fecisset,

461 2042 594 2097 idque
621 2041 675 2081 de
700 2041 789 2080 solo
821 2040 1046 2094 Polynice,
1082 2040 1203 2079 cuius
1233 2040 1529 2080 existimationi
1556 2054 1633 2096 per
1658 2042 1827 2083 univer-

461 2128 550 2153 sam
590 2111 781 2152 fabulam
822 2111 1105 2166 pepercisset,
1153 2111 1206 2151 de
1250 2110 1452 2166 precibus
1500 2126 1600 2153 vero
1645 2113 1830 2154 Eteoclis

464 2198 601 2239 aeque
626 2184 707 2223 illis
735 2182 981 2223 crudelibus
1008 2188 1232 2222 tacentem.
1274 2182 1411 2222 Sensit
1433 2182 1517 2223 hoc
1539 2183 1823 2232 Hermannus,

461 2255 835 2312 exprobrationem
861 2254 978 2294 illam
1002 2254 1062 2294 sic
1088 2260 1341 2293 extenuans:
1381 2270 1397 2290 »
1416 2253 1520 2294 dicit
1543 2268 1680 2304 nunc,
1717 2269 1828 2310 quo-

460 2328 575 2368 niam
613 2327 801 2384 primum
841 2326 987 2366 audita
1031 2325 1212 2365 maxime
1250 2325 1454 2365 ferierunt
1495 2326 1679 2374 animos,
1716 2327 1828 2381 ipse-

461 2413 571 2455 que,
615 2405 663 2439 ut
693 2398 822 2438 homo
853 2396 1103 2444 Thebanus,
1138 2397 1182 2436 in
1213 2395 1333 2436 hoste
1363 2410 1497 2451 quam
1528 2397 1572 2437 in
1607 2396 1828 2437 defensore

464 2471 629 2526 patriae
658 2471 901 2524 vituperare
932 2474 1093 2508 tantam
1125 2467 1392 2508 atrocitatem
1418 2467 1650 2508 malebat.’'
1687 2456 1828 2524 Argu-

463 2548 575 2591 tum,
620 2541 840 2589 concedo,
884 2539 1175 2595 patrocinium
1214 2537 1490 2578 correctionis
1527 2537 1825 2585 Canterianae3

463 2612 537 2652 sed
572 2613 675 2652 alios
708 2625 826 2652 nunc
857 2610 986 2651 habet
1018 2610 1202 2650 nuncius
1236 2609 1473 2659 auditores,
1511 2624 1644 2665 quam
1676 2609 1826 2650 habuit

464 2682 705 2736 Polynices,
736 2697 872 2738 quum
898 2687 1169 2737 precaretur:
1201 2677 1331 2736 atque
1355 2681 1386 2720 si
1412 2680 1675 2735 Polynicem,
1707 2680 1828 2720 cuius

462 2767 587 2793 causa
638 2754 785 2794 iustior
837 2760 951 2802 erat,
1011 2759 1153 2793 tamen
1196 2765 1283 2792 non
1320 2750 1587 2806 praeferebat
1636 2751 1821 2800 Eteocli,
