2020 3326
587 171 1157 216 COMMENTARIUS.
1486 177 1565 218 143

193 324 278 365 que
326 312 506 350 ratione
545 311 733 359 viem-ss,
777 310 1032 365 przccc'enler
1065 311 1261 366 feceris.
1309 315 1401 355 Hoc
1440 329 1566 370 prae-

193 388 321 437 cepto
339 395 436 423 vera
460 381 691 437 prudentia
719 382 1044 432 excluderetur,
1070 383 1274 439 idemque
1300 393 1404 427 essct
1422 387 1563 442 quod:

194 454 224 493 si
264 460 419 494 temere
462 453 628 494 hostem
670 468 890 510 aggressus
928 456 1007 494 eris
1047 463 1088 496 et
1122 457 1295 507 viceriS‚
1335 459 1565 514 prudentia

193 532 335 566 tamen
378 532 448 566 tua
497 525 759 565 laudabitur.
830 526 967 567 Immo
1013 527 1117 567 (licit
1162 528 1322 569 Creon:
1370 532 1567 571 victoria,

194 599 374 638 (annino
408 597 687 652 prudentiae
726 597 913 647 fhwcec‘us
955 604 1037 638 est.
1095 599 1145 641 In
1182 602 1296 641 omni
1339 602 1449 642 enim
1483 603 1566 644 hoc

188 682 381 708 sermone
422 669 638 708 Eteoclen]
685 668 739 709 ab
782 670 1020 710 temeritate
1058 670 1265 712 deterret:
1310 673 1424 714 unde
1454 675 1567 715 idem

190 754 251 781 vs.
281 739 380 782 734.
416 745 524 782 ἅπαν
557 743 688 782 κάκιον
718 744 783 782 τοῦ
814 741 1090 799 φυλάσσεσθαι
1122 744 1269 792 καλῶς.
1308 744 1372 785 Cf.
1404 744 1564 802 Suppl.

190 811 292 852 510.
323 815 433 855 τοῦτο’
465 830 519 855 τοι
553 811 780 872 τάνδρεῖον,
813 815 835 858 ἡ
868 815 1086 874 προμηθία.

248 885 348 926 733.
405 883 537 939 βαθύς
580 887 625 943 γέ
669 902 722 927 τοι
767 886 948 946 Διρκαῖος
1000 888 1220 948 ἀναχωρεῖν
1262 890 1389 949 πόρος.
1456 889 1567 930 Dicit

191 955 385 996 Eteocles
426 958 508 997 iam
537 958 635 998 satis
670 958 783 1007 fore,
821 959 853 998 si
886 958 1064 1014 Argivos
1101 965 1299 1001 terreat:
1348 961 1424 1001 hos
1453 962 1564 1001 enim

191 1028 439 1069 recedentes
478 1030 521 1069 in
563 1030 842 1070 tumultuaria
886 1031 1137 1071 traiectione
1175 1032 1354 1083 Dircae,
1397 1033 1565 1089 quippe

191 1099 263 1139 alti
294 1100 499 1150 fluminis,
533 1100 799 1141 submersum
830 1101 896 1140 iri.
930 1101 972 1141 Si
1004 1108 1171 1143 tantum
1201 1117 1564 1145 commemorave-

188 1185 257 1215 ro,
279 1172 531 1227 Burgesium
558 1173 810 1213 coniecisse:
839 1171 1057 1230 βλαφῖῑεῖσί
1073 1174 1110 1231 y’
1133 1178 1179 1216 ἄν
1202 1191 1255 1217 τοι
1277 1174 1382 1234 ῥᾴδι’
1404 1177 1564 1233 ἀναχω-

188 1245 263 1302 ρεῖν
294 1246 434 1302 πόρος,
477 1243 706 1300 apparebit
743 1258 793 1284 ex
837 1244 922 1285 hoc
968 1246 1201 1300 specimine
1245 1261 1323 1287 cur
1363 1262 1565 1304 seposue-

188 1315 293 1363 rim,
335 1329 448 1370 quae
474 1329 630 1371 parum
667 1316 774 1356 lucis
807 1316 1037 1357 adferrent.
1082 1318 1251 1359 Iuvenis
1282 1326 1372 1359 erat
1399 1320 1562 1376 Burge-

186 1387 292 1435 sius⁷
338 1401 475 1442 quum
513 1387 586 1427 illa
622 1394 1009 1430 commentaretur:
1053 1404 1202 1431 verum
1234 1397 1385 1447 postea
1413 1393 1564 1433 eadem

188 1459 254 1499 via
282 1459 489 1514 perrexit,
533 1472 675 1514 eoque
705 1466 826 1500 motu
864 1462 1058 1501 acerrimi
1093 1462 1275 1518 ingenii,
1312 1464 1389 1518 qui
1420 1478 1562 1505 rerum

184 1536 225 1570 et
254 1530 481 1571 verborum
513 1530 627 1586 leges
659 1532 770 1572 saltu
801 1546 1005 1587 superare
1035 1547 1122 1574 non
1155 1541 1385 1575 vereretur.

246 1601 343 1644 742.
400 1602 525 1659 λόχων
565 1603 746 1645 ἀνάσσειν
758 1639 774 1659 ,
815 1603 916 1646 ἑπτὰ
960 1607 1208 1665 προςκεῖσὲαι
1242 1607 1396 1655 πύλαις.
1453 1607 1561 1648 Mat-

186 1673 352 1714 thiaeus
381 1674 466 1715 hoc
498 1675 736 1730 asyndeton
763 1690 850 1717 non
878 1677 1015 1717 ferens
1048 1678 1216 1733 scripsit
1249 1682 1437 1728 ἄνακτας.
1485 1680 1559 1719 Se-

186 1745 274 1785 cuti
315 1753 411 1786 sunt
446 1747 734 1797 recentiores,
772 1755 945 1804 praeter
982 1749 1203 1790 Klotzium
1234 1751 1305 1791 cui
1337 1752 1560 1807 vulgatum

184 1817 318 1872 magis
341 1817 493 1858 efficax
521 1824 562 1858 et
588 1818 815 1860 vehemens
841 1820 1025 1861 videtur.
1069 1821 1222 1864 Verbis
1246 1823 1476 1863 Hermanni
1502 1823 1558 1863 ad

185 1888 291 1942 Iph.
320 1888 425 1928 Aul.
451 1888 536 1929 506
562 1904 625 1945 sq.
673 1891 937 1946 respondeo:
988 1906 1170 1934 »verum
1214 1908 1314 1934 sane
1350 1900 1434 1943 est,
1484 1893 1557 1934 sed

183 1958 257 1998 ubi
296 1972 406 2014 opus
457 1967 517 2000 est
560 1961 733 2016 spiritu:
827 1963 967 2013 addo,
1012 1965 1045 2004 si
1081 1966 1208 2020 plura
1246 1972 1553 2014 conseruntur,

183 2030 311 2070 veluti
342 2031 386 2071 in
416 2031 573 2071 celebri
597 2033 695 2073 loco
724 2034 959 2082 Midianae,
998 2049 1129 2090 quem
1156 2037 1371 2092 eleganter
1398 2043 1555 2076 tractat

749 1963 773 1980 ’²

184 2102 419 2157 Longi1mS‚
450 2103 584 2144 Π.Ὑ.
604 2104 695 2144 ΧΧ.
714 2105 755 2144 2.
787 2105 964 2160 eiusque
989 2114 1274 2163 praeceptum
1302 2121 1429 2162 saepe
1454 2122 1553 2164 per-

182 2187 330 2228 peram
363 2174 652 2215 adhibuerunt
683 2176 835 2216 critici.
880 2177 1067 2217 Primum
1096 2178 1139 2218 in
1171 2178 1254 2219 hoc
1286 2186 1398 2219 errat
1428 2180 1553 2220 Klot-

183 2246 295 2294 zius,
336 2246 367 2285 si
404 2253 520 2286 reete
552 2260 649 2286 eum
679 2247 870 2303 intelligo
890 2280 898 2296 ‚
943 2248 1064 2303 quod
1103 2249 1220 2290 hunc
1252 2264 1417 2291 versum
1448 2264 1552 2292 eon-

182 2317 416 2357 structione
447 2332 546 2358 eum
579 2317 675 2359 740.
707 2318 971 2375 iungendum
1002 2327 1150 2375 putat:
1185 2322 1406 2363 interiecta
1432 2323 1553 2363 Eteo-

182 2388 258 2428 clis
293 2388 421 2429 verba
459 2403 519 2429 vs.
549 2389 645 2431 741.
679 2403 766 2430 non
804 2392 945 2430 curari
973 2390 1027 2431 ab
1061 2391 1255 2433 Creonte.
1314 2394 1407 2434 Hoc
1450 2408 1550 2435 vero

179 2459 306 2515 longe
353 2460 537 2500 alienum
583 2467 643 2501 est
683 2460 738 2501 ab
782 2461 1012 2517 Euripidea
1058 2463 1385 2519 stichomythiae
1431 2466 1545 2522 lege,

181 2544 269 2585 qua
309 2531 573 2587 interruptus
617 2532 798 2572 alieuius
839 2547 975 2573 sermo
1026 2541 1116 2574 turn
1166 2536 1407 2577 continuari
1443 2538 1547 2578 solet

179 2616 318 2656 quum
357 2604 603 2644 interiectus
644 2618 788 2645 versus
826 2605 1000 2660 plenam
1039 2608 1290 2648 sententiam
1328 2610 1544 2659 continet,
1585 2659 1589 2663 .

175 2687 289 2728 quae
330 2675 501 2716 alterius
532 2677 848 2718 interlocutoris
874 2679 1308 2733 responsionemnon
1337 2681 1544 2736 requirat.
