2020 3326
415 239 496 278 134
809 239 1370 280 COMMENTARIUS.

409 387 638 427 versusque
678 373 727 411 sit
772 374 835 414 vel
877 375 1056 413 maxime
1097 374 1318 428 genuinus.
1372 375 1608 426 Iocastam,
1654 387 1770 434 post-

409 458 540 498 quam
582 443 755 497 copiose
793 442 1012 492 disseruit,
1054 445 1288 499 peracerbe
1319 446 1580 486 concludere
1610 451 1769 489 oratio-

404 528 502 554 nem
542 527 618 562 eo,
664 520 710 553 ut
750 513 868 553 dicat
905 514 949 553 id
995 515 1117 569 quod
1156 515 1232 555 ista
1276 516 1491 572 potentia,
1537 532 1669 573 quam
1704 520 1772 559 ille

408 591 526 624 tanta
559 584 798 638 cupiditate
833 592 1124 635 consectetur,
1160 587 1348 643 denique
1378 588 1558 638 efficiat,
1592 589 1675 630 hoc
1708 604 1771 630 es-

405 669 470 704 se,
511 661 558 695 ut
596 655 767 696 Thebae
807 657 927 696 malis
967 657 1225 707 obruantur,
1272 660 1361 714 ipse
1402 667 1544 701 autem
1580 661 1769 720 φιλότιμρς

405 728 472 767 ¹sit.
520 751 576 757 —
621 727 772 767 Mirum
807 742 895 768 non
934 735 995 768 est
1043 730 1074 769 si
1112 730 1215 770 mihi
1252 731 1341 785 ipsc
1386 746 1502 772 nunc
1551 732 1769 783 diffidam,

406 800 475 839 cui
515 813 658 841 versus
691 799 767 839 iste
799 800 989 840 omnium
1020 800 1331 842 inficetissimus
1364 816 1451 842 esse
1480 817 1622 858 neque
1648 804 1771 844 Euri-

402 871 547 926 pidem
576 876 796 910 auctorem
834 870 992 911 habere
1021 873 1207 926 potuisse
1236 873 1444 913 videatur.
1478 898 1535 905 ——
1560 874 1763 916 Coarcte-

404 956 498 982 mus
528 942 766 981 orationem
795 941 1016 983 verbosam
1047 943 1264 992 locastae,
1309 958 1423 999 quae
1450 944 1504 984 ab
1535 945 1655 985 initio
1685 960 1773 987 non

406 1013 574 1068 quaerit
604 1013 709 1053 sitne
740 1014 934 1054 Eteocles
971 1013 1160 1073 φιλότιμος,
1191 1029 1270 1055 nec
1299 1029 1372 1064 ne,
1412 1015 1485 1055 sed
1511 1030 1608 1056 eum
1643 1016 1769 1057 vehe-

403 1091 567 1125 menter
603 1085 799 1141 increpat
846 1086 966 1140 quod
1013 1087 1067 1127 ab
1107 1088 1322 1127 Daemone
1361 1087 1570 1146 φιλοτιμίας
1606 1094 1773 1128 tenetur

403 1166 544 1212 eoque
584 1157 706 1196 furit:
751 1158 1055 1212 aequalitatem
1095 1159 1139 1198 in
1180 1159 1263 1200 vita
1297 1172 1383 1198 csse
1414 1159 1766 1213 praeferendam,

404 1229 641 1284 potentiam
678 1241 764 1268 esse
802 1229 927 1269 inane
959 1229 1142 1280 bonum;
1185 1231 1217 1270 si
1249 1230 1448 1271 vincatur
1474 1231 1518 1271 in
1547 1230 1630 1270 hoc
1662 1230 1776 1270 bello

405 1300 622 1349 Eteocles,
663 1300 814 1340 urbem
851 1301 1093 1341 Thebarum
1121 1303 1347 1357 direptum.
1371 1304 1436 1342 z're'
1470 1302 1776 1357 saevitiamque

404 1372 587 1412 militum
616 1385 853 1426 passuram.
893 1373 992 1422 His,
1032 1374 1062 1412 si
1093 1372 1166 1413 Dis
1196 1374 1362 1428 placet,
1406 1374 1610 1414 continuo
1641 1373 1773 1413 adde-

409 1457 455 1483 re
485 1442 698 1483 creditur:
734 1443 914 1498 »itaque
944 1444 1161 1498 potentia,
1198 1458 1329 1498 quam
1358 1444 1651 1498 concupiscis,
1687 1444 1775 1483 exi-

408 1515 512 1554 tiosa
552 1514 627 1554 fiet
663 1513 838 1561 Thebis,
883 1519 931 1553 tu
958 1529 1063 1554 vero
1100 1515 1253 1554 Thebis
1281 1514 1547 1554 ambitiosus
1575 1517 1683 1554 eris.
1726 1514 1776 1554 In

411 1586 485 1626 tali
510 1585 714 1626 sententia
743 1585 1044 1641 exspectabam
1073 1593 1187 1626 certe
1209 1586 1431 1631 κεκλήσεται
1457 1600 1537 1642 pro
1563 1590 1773 1642 γενήσεται.

411 1657 531 1696 Idem
559 1663 618 1696 est
645 1656 765 1711 quasi
796 1656 965 1698 brevius
991 1657 1118 1697 etiam
1147 1658 1336 1698 dixisset:
1372 1675 1387 1694 »
1406 1656 1499 1698 Cur
1524 1658 1707 1698 αφηύίίεό
1733 1663 1775 1698 te

411 1730 460 1767 [n
478 1727 693 1783 furorem
720 1730 837 1783 agit,
872 1728 1053 1782 mifile',
1091 1743 1227 1783 eoque
1257 1729 1543 1769 calamz'tases
1578 1729 1679 1768 urbi
1702 1731 1773 1768 in-

412 1799 549 1852 fer-552
591 1800 856 1840 ambitiosus
888 1799 978 1839 es.'‘
1026 1799 1135 1839 Nam
1165 1799 1287 1854 quod
1320 1799 1520 1847 affertur,
1564 1805 1777 1853 postrema

412 1873 483 1913 illa
516 1871 647 1912 verba
686 1871 950 1926 significare:
1002 1870 1210 1910 »ambitio
1252 1877 1326 1911 tua
1364 1884 1492 1910 causa
1524 1871 1601 1910 erit
1635 1877 1775 1911 tanto-

409 1960 504 1985 rum
548 1942 812 1991 malorum,'’
876 1942 989 1982 idem
1036 1942 1326 1982 efficacissime
1369 1948 1409 1981 et
1453 1941 1692 1996 plenissime
1733 1942 1777 1982 in

411 2016 614 2072 proximis
651 2014 814 2055 Eteocli
847 2013 1138 2054 inculcaverat
1167 2020 1315 2054 mater.
1364 2013 1452 2053 Nec
1480 2013 1569 2068 ipsa
1603 2013 1779 2068 quidem

412 2088 540 2130 verba
571 2086 989 2141 interpretationem,
1025 2099 1138 2139 quae
1167 2084 1368 2140 fingitur,
1400 2091 1638 2140 praestant:
1672 2084 1779 2125 nihil

413 2158 655 2215 significant
697 2157 800 2198 nisi:
848 2163 894 2196 tu
938 2156 1183 2196 ambitiosus
1218 2170 1281 2205 es,
1325 2156 1353 2195 i.
1378 2169 1414 2195 e.
1455 2169 1505 2195 ex
1538 2155 1617 2204 eis,
1663 2169 1777 2210 quae

410 2231 496 2270 dixi
525 2230 692 2278 futura,
743 2227 954 2268 constabit
987 2234 1026 2268 te
1054 2227 1324 2268 ambitiosum
1351 2240 1448 2267 esse.
1489 2227 1572 2267 Sed
1600 2227 1669 2267 fac
1694 2226 1773 2267 bo-

413 2316 512 2342 nam
544 2314 629 2342 esse
668 2301 785 2341 illam
825 2299 1181 2355 explicationem,
1218 2305 1360 2339 tamen
1390 2298 1474 2338 hoc
1507 2297 1622 2338 dicet
1650 2298 1776 2338 Ioca-

416 2380 500 2414 sta:
552 2372 806 2412 »exitiosum
856 2371 933 2410 erit
974 2370 1070 2410 urbi
1115 2370 1236 2425 quod
1277 2370 1319 2410 in
1365 2383 1412 2409 ea
1465 2369 1576 2408 solus
1622 2382 1777 2423 perpe-

416 2450 490 2484 tuo
518 2457 695 2498 regnare
723 2442 867 2498 cupis,
904 2441 1117 2496 huiusque
1143 2441 1395 2481 calamitatis
1423 2453 1548 2480 causa
1581 2439 1658 2478 erit
1686 2453 1776 2479 am-

416 2514 574 2562 bitio,''
612 2514 657 2554 id
682 2520 764 2553 est:
803 2513 1025 2553 exitiosum
1052 2514 1129 2552 erit
1157 2511 1251 2552 urbi
1288 2511 1409 2566 quod
1436 2509 1681 2549 ambitiosus
1706 2523 1747 2549 es
1764 2543 1772 2558 ‚

416 2585 631 2639 huiusque
677 2584 929 2625 calamitatis
974 2598 1102 2623 causa
1146 2584 1223 2623 erit
1259 2589 1332 2622 tua
1378 2580 1566 2621 ambitio.
1611 2579 1653 2619 Si
1692 2580 1776 2620 hoc

416 2656 549 2696 voluit
579 2656 828 2711 Euripides,
861 2662 995 2696 servet
1025 2655 1237 2709 sepulcro.
1278 2653 1448 2692 Summa
1482 2650 1780 2705 disputationis

420 2740 538 2766 meac
568 2726 675 2766 hacc
708 2733 794 2776 est,
843 2726 972 2767 videri
1005 2725 1106 2765 mihi
1142 2723 1498 2767 Valckcnacrium
1534 2728 1650 2762 recto
1682 2724 1779 2777 pul-
