2020 3326
598 234 1162 276 COMMENTARIUS.
1480 237 1565 277 235

205 374 347 414 animo
384 372 598 429 Oedipum
630 372 943 428 Sophocleum,
984 374 1060 428 qui
1096 374 1316 428 tamquam
1342 374 1562 429 piaculum

204 446 344 501 patria
375 445 468 485 eiiei
501 445 758 500 postularet,
797 445 973 499 aequari
1002 459 1090 486 non
1121 460 1267 501 posse,
1303 446 1462 487 nedum
1494 460 1565 487 su-

206 517 370 572 perari,
409 516 531 556 finxit
563 517 691 556 aliurn
729 516 942 570 Oedipum
977 517 1231 572 querulum,
1275 518 1401 574 fugae
1431 519 1564 559 mole-

207 589 327 637 stias,
375 587 509 643 probe
551 587 744 627 adhibito
774 587 988 628 schemate
1017 589 1255 639 rhetorico,
1301 590 1565 632 subabsurde

206 660 532 715 deprecantem,
577 661 770 715 quamvis
806 660 936 714 paulo
974 668 1070 715 post
1103 669 1307 717 agnoscat
1341 665 1567 704 oraculum

203 732 436 786 Apollinis,
481 731 557 772 sibi
593 733 800 772 exsulanti
838 732 1012 772 Athenis
1044 735 1311 775 moriendum
1347 749 1460 785 esse,
1505 751 1564 777 vs.

208 803 333 846 1707.
358 828 415 834 »-
437 804 584 859 Longa
613 805 848 844 seclusione
875 811 914 844 et
942 804 1161 846 doloribus
1190 807 1350 847 fractus
1381 814 1492 857 erat,
1527 815 1566 848 et

205 876 387 915 multum
416 882 604 915 mutatus
638 875 692 915 ab
723 876 794 916 illo
825 877 990 930 priore:
1019 902 1075 907 —
1104 892 1191 918 non
1218 893 1327 935 nego
1359 880 1441 920 hoc
1470 881 1567 935 qui-

207 947 329 996 dem,
370 962 637 1003 quamquam
679 948 793 988 hune
835 949 961 989 etiam
1000 950 1200 1003 pristinae
1235 952 1460 992 maiestatis
1496 953 1567 992 ali-

209 1020 317 1075 quid
344 1021 525 1060 retinere
556 1020 757 1069 decebat,
798 1021 930 1076 idque
961 1023 1085 1062 sensit
1115 1023 1267 1072 Poeta,
1305 1039 1441 1078 quum
1471 1038 1568 1064 eum

207 1092 380 1132 tandem
422 1093 656 1147 aliquando
697 1093 910 1132 dicentem
951 1093 1110 1142 faeiat,
1152 1110 1209 1135 vs,
1250 1095 1372 1137 1627.
1415 1096 1456 1138 τὸ
1489 1098 1566 1157 γὰρ

206 1163 294 1220 ἐμόν
335 1164 419 1206 ποτ’
461 1164 600 1221 εὐγενὲς
641 1164 707 1206 οὐκ
738 1165 784 1206 ἂν
816 1163 1006 1224 προδοίην.
1064 1166 1224 1208 Verum
1257 1167 1371 1207 unde
1403 1169 1566 1209 factum

206 1236 534 1276 existimabimus
578 1243 623 1276 ut
663 1250 849 1276 amorem
891 1238 1055 1291 patriae
1094 1251 1266 1291 prorsus
1305 1238 1561 1293 deponeret,

206 1321 287 1348 nec
317 1308 617 1347 recordaretur
650 1307 878 1348 verborum
912 1308 1124 1357 Creontis,
1157 1323 1215 1350 vs.
1252 1309 1362 1350 1594
1386 1325 1484 1367 sqq.
1517 1327 1567 1353 cx

207 1380 387 1419 Tiresiae
432 1380 632 1420 vaticinio
673 1379 920 1420 Thebanam
964 1386 1116 1421 terram
1158 1381 1316 1422 salvam
1356 1396 1442 1422 esse
1481 1398 1568 1424 non

205 1465 325 1505 posse
363 1451 467 1491 dum
501 1450 690 1505 Oedipus
719 1452 764 1492 in
792 1466 841 1492 ea
882 1451 1085 1508 degeret?
1128 1453 1362 1494 Potuerunt
1395 1454 1438 1495 hi
1480 1470 1568 1496 ver-

203 1536 295 1572 sus,
337 1537 361 1562 a
398 1523 535 1577 perito
568 1522 769 1564 histrione
808 1525 853 1564 in
884 1531 1121 1579 conspeetu
1158 1525 1417 1566 cadaverum
1453 1528 1561 1577 aeti,

204 1607 304 1634 eum
332 1595 486 1649 plausu
518 1594 715 1649 probari,
755 1596 932 1650 propius
964 1596 1017 1637 ab
1044 1597 1276 1637 lectoribus
1307 1605 1347 1638 et
1377 1599 1471 1658 πρὸς
1502 1601 1569 1642 αὐ-

203 1667 278 1723 γὰς
316 1667 523 1721 explorati
555 1673 701 1707 carent
732 1668 907 1709 veritate
940 1675 980 1708 et
1017 1669 1199 1717 decore,
1242 1672 1490 1724 praesertim
1525 1673 1568 1713 in

203 1752 277 1778 ore
309 1738 397 1779 eius
428 1739 549 1779 euius
577 1753 706 1779 eausa
736 1753 824 1780 non
856 1740 1104 1795 requirebat
1133 1742 1334 1798 argutias.
1378 1743 1566 1784 Excusa-

204 1810 286 1850 tius
316 1817 430 1850 certe
461 1817 712 1867 argutantur
753 1812 829 1867 qui
860 1812 1128 1867 desperatam
1165 1827 1336 1854 causam
1363 1814 1477 1855 foedi
1508 1816 1567 1856 fa-

204 1882 358 1923 cinoris
377 1889 527 1939 agunt,
549 1884 679 1923 veluti
696 1883 1027 1938 Clytaemnestra
1051 1885 1094 1925 in
1117 1885 1323 1935 Electra,
1341 1886 1444 1927 1041
1465 1901 1562 1943 sqq.

206 1954 359 2006 »Quid
383 1953 676 2009 Agamemnon
702 1955 894 1995 facturus
919 1962 1030 2005 erat,
1062 1957 1094 1996 si
1119 1971 1198 2013 ego
1224 1971 1304 2012 pro
1328 1965 1452 2013 rapto
1478 1959 1565 1999 Me-

204 2026 329 2065 nelao
369 2025 558 2066 Orestem
602 2033 795 2066 nostrum
832 2027 1198 2068 mactavissem‘?''
1251 2029 1354 2081 Quis
1392 2029 1566 2086 negabit

205 2096 313 2137 haec
353 2103 392 2136 et
426 2096 578 2136 horum
615 2097 786 2146 similia,
831 2112 944 2152 quae
974 2098 1018 2138 in
1049 2099 1289 2154 Euripideis
1318 2099 1439 2141 haud
1468 2116 1564 2142 rara

205 2175 325 2217 sunt,
360 2168 679 2208 Atheniensium
712 2169 854 2209 multis
882 2170 1011 2209 risum
1043 2184 1211 2211 movere
1242 2171 1460 2226 potuisse‘.>

267 2240 378 2281 1632
406 2255 469 2296 sq.
522 2240 629 2282 τόνδε
661 2240 718 2296 δ’,
750 2240 788 2290 ὃς
819 2244 968 2302 πέρσων
1001 2242 1107 2284 πόλιν
1138 2243 1312 2303 πατρίδα
1344 2243 1412 2286 σὺν
1442 2244 1567 2294 ἄλλοις

207 2311 320 2359 ἦλθε.
354 2313 534 2369 Kingius
561 2313 778 2353 offendens
804 2314 847 2354 in
871 2312 939 2355 σὺν
970 2313 1096 2364 ἄλλοις
1121 2316 1303 2356 coniecit
1328 2315 1395 2358 σὺν
1423 2317 1561 2366 ὅπλοις.

205 2384 557 2434 Valekenaerius,
589 2398 677 2439 quo
697 2386 810 2441 vulg.
831 2391 1038 2436 tueretur,
1069 2387 1209 2428 attulit
1231 2401 1281 2427 ex
1304 2388 1436 2430 Herc.
1454 2389 1561 2431 Fur.

212 2456 335 2497 1163.
369 2462 448 2502 ἥκω
479 2456 547 2498 σὺν
576 2456 701 2505 ἄλλοις,
721 2481 779 2486 -—
808 2458 1014 2515 σύμμαχον
1045 2461 1162 2519 φέρων
1194 2458 1286 2520 δόρυ
1298 2495 1315 2516 ,
1347 2461 1505 2502 omissis
1531 2462 1565 2504 οἳ

207 2528 300 2589 παρ’
322 2529 502 2572 Ἀσωποῦ
531 2529 620 2589 ῥοὰς
652 2529 797 2587 μένουσ’
818 2530 960 2572 ἔνοπλοι
981 2537 1051 2588 γῆς
1073 2530 1288 2580 Ἀθηναίων
1308 2535 1424 2593 κόροι,
1446 2534 1566 2576 haud

207 2601 337 2642 dubie
362 2616 526 2651 errore,
559 2603 914 2658 quandoquidem
941 2603 993 2643 de
1023 2603 1088 2644 his
1122 2611 1162 2644 et
1193 2605 1246 2645 de
1275 2619 1334 2646 vs,
1361 2605 1459 2647 601.
1498 2606 1565 2649 σὺν

207 2673 398 2716 πολλοῖσιν
428 2672 532 2723 ἦλθες
563 2674 649 2726 (0111
672 2674 829 2715 addere
854 2681 1023 2729 poterat
1048 2677 1320 2718 Homericum
1341 2677 1392 2718 Il.
1410 2678 1443 2719 Ι.
1462 2679 1560 2720 324.

207 2745 321 2795 αὐτὸς
349 2747 493 2804 ἕλωμαι
525 2746 639 2789 ἐλθὼν
671 2745 738 2789 σὺν
768 2747 978 2804 πλεόνεσσι)
1013 2749 1103 2805 ipse
1133 2749 1366 2805 prudenter
1396 2757 1436 2792 et
1465 2765 1564 2793 cum
