2020 3326
656 229 1221 302 COMMENTARIUS.
1542 260 1627 300 203

256 404 299 443 in
340 403 456 457 vulg.
500 415 585 441 non
617 406 717 456 apte
748 399 1064 454 pronunciatur
1095 398 1148 439 ab
1177 398 1363 448 nunci0;
1406 397 1630 451 multoque

259 475 409 513 melius
453 473 564 513 idem
601 472 763 519 Creon,
811 471 887 525 qui
921 471 1179 510 lamentatur
1215 470 1372 526 μεγάλα
1406 487 1466 524 μοι
1497 470 1627 528 θροεῖς

258 546 427 599 πάθεα,
479 556 698 598 quemque
743 542 935 597 proxime
980 543 1113 597 tangit
1158 542 1310 582 domus
1353 540 1627 595 Oedipodea,

262 617 468 657 continuo
499 616 732 655 exclamat:
777 610 808 654 ὦ
841 611 993 670 δώματ’
1026 613 1107 655 κτὲ.
1156 613 1224 653 »Ο
1264 614 1416 653 domus
1448 612 1627 667 Oedipi,

262 688 437 728 audisne
478 687 614 735 mala,
661 699 776 740 quae
812 685 916 724 mihi
946 685 1272 725 nuneiantur?”
1321 686 1406 725 Sed
1437 684 1633 739 quisquis

260 760 368 799 haee
401 759 528 807 dicit,
562 758 729 812 ineptit.
764 756 913 797 παίδων
944 757 1031 797 sine
1060 763 1289 812 parentum
1321 757 1535 796 mentione
1570 754 1634 808 (ut

266 830 392 870 1365.
422 831 453 871 οἱ
475 853 532 859 -—
556 827 721 871 Οἰδίπου
753 830 920 883 νεανίαι,
954 835 993 868 et
1018 829 1192 883 passim)
1224 829 1323 868 lieet
1350 829 1488 868 minus
1514 840 1632 867 reve-

262 908 404 942 renter
441 902 605 941 dictum
644 900 696 940 de
729 900 954 948 fratribus,
997 913 1185 955 quorum
1217 900 1323 940 alter
1365 914 1436 939 rex
1468 899 1631 944 fuisset,

265 980 408 1013 tamen
452 973 719 1021 conveniret,
767 973 799 1012 si
842 971 994 1029 δώματ’
1026 971 1193 1013 Οἰδίπου
1234 972 1525 1027 significarent
1558 984 1635 1026 ge-

265 1060 378 1093 nus,
411 1044 684 1099 famz'lc'anzy·
725 1058 872 1084 verum
903 1044 1134 1099 respondet
1172 1043 1358 1083 Chorus:
1411 1042 1634 1090 »audiret‚

265 1119 297 1158 si
328 1123 470 1157 mente
502 1115 697 1171 praedita
730 1116 894 1155 esset:''
937 1116 1086 1170 itaque
1119 1114 1174 1154 ad
1208 1114 1359 1163 aedes,
1403 1126 1640 1168 earumque

265 1188 448 1244 parietes
486 1188 563 1226 ista
603 1187 750 1226 dicens
782 1187 974 1241 fingitur.
1028 1187 1172 1225 Posset
1203 1185 1528 1240 quodammodo
1562 1198 1638 1224 oc-

268 1259 382 1301 eurri
405 1258 624 1313 iungendo
641 1257 807 1300 Οἰδίπου
829 1257 998 1312 παίδων,
1019 1257 1275 1311 sublataque
1291 1257 1639 1311 interpunctione

270 1338 367 1388 post
399 1328 528 1385 τάδε,
563 1330 684 1385 quod
714 1330 908 1369 nondum
941 1335 1150 1369 tentatum
1181 1334 1264 1376 est,
1297 1342 1347 1367 eo
1381 1335 1522 1367 tamen
1551 1342 1643 1367 ma-

270 1404 332 1459 gis
369 1415 539 1442 necesse
590 1401 712 1455 quod
751 1402 794 1441 in
832 1401 965 1441 altera
1005 1399 1325 1440 constructione
1361 1413 1448 1439 non
1493 1398 1642 1441 παίδων

269 1475 343 1515 sed
375 1471 526 1515 παίδοιν
557 1472 834 1513 scribendum
862 1473 1028 1522 fuisset3
1058 1472 1131 1512 sed
1158 1478 1350 1511 maneret
1377 1472 1642 1512 constructio

271 1546 493 1603 ambigua:
540 1544 848 1600 simplicissima
892 1544 1004 1585 enim
1043 1544 1275 1599 explicatio
1317 1544 1447 1584 foret:
1496 1543 1531 1584 0
1562 1544 1643 1583 (Ιο-

270 1633 395 1668 mus,
442 1634 503 1658 an
544 1617 653 1658 haee
692 1617 778 1657 tibi
811 1621 1071 1657 narrarunt
1098 1615 1203 1671 ι[ἱίίί
1243 1615 1406 1670 Oedipi
1437 1614 1640 1656 morlai?

270 1691 404 1730 Porro
432 1689 634 1745 languide
660 1689 825 1729 dictum
853 1683 913 1729 est
944 1689 1085 1744 ὁμοίαις,
1115 1690 1326 1747 συμφοραῖς
1351 1688 1395 1726 in
1422 1686 1642 1727 acerbissi-

270 1775 341 1802 mo
365 1761 535 1810 dolore,
567 1760 641 1801 ubi
667 1768 860 1800 mutuam
886 1760 1063 1800 caedem
1089 1760 1373 1814 significatam
1399 1757 1639 1813 exspectes!

270 1847 389 1874 nunc
410 1832 515 1872 nihil
539 1831 679 1871 differt
704 1831 757 1871 ab
779 1831 883 1872 hoc:
909 1832 1215 1872 adolescentes
1242 1831 1315 1871 illa·
1336 1830 1482 1870 eodem
1502 1830 1644 1870 morbi

269 1918 433 1961 genere
460 1904 678 1944 exstincti
699 1908 821 1943 sunt.
852 1902 1020 1952 Verbo,
1046 1909 1119 1943 aut
1144 1902 1309 1957 lapides
1336 1902 1488 1941 domus
1512 1900 1642 1941 Oedi-

273 1975 465 2031 podeae,
507 1975 592 2014 iam
625 1973 772 2014 audita
798 1988 904 2015 voce
929 1974 1101 2023 nuncii,
1133 1973 1324 2013 sciebant
1353 1973 1463 2012 filios
1488 1971 1643 2028 Oedipi

275 2046 434 2086 mutuis
458 2044 704 2085 vulneribus
729 2045 959 2094 cecidisse,
994 2052 1068 2085 aut
1092 2044 1286 2085 nondum
1308 2043 1523 2091 sciebant,
1551 2058 1643 2083 me-

277 2117 446 2170 liusque
490 2115 676 2154 docendi
707 2122 826 2155 erant
856 2116 931 2170 qui
960 2129 1083 2156 casus
1107 2116 1150 2155 in
1176 2129 1303 2155 scena
1331 2115 1644 2168 deploraretur.

279 2186 463 2227 Omnino
493 2185 729 2224 istiusmodi
753 2186 1066 2241 apostrophae,
1102 2186 1133 2225 si
1165 2185 1325 2233 bonae,
1349 2185 1494 2225 breves
1523 2193 1644 2226 sunt:

277 2258 408 2299 veluti
435 2257 653 2311 cognitum
676 2256 802 2296 illud:
828 2255 1033 2298 Azadisne
1056 2257 1184 2305 haee,
1209 2256 1521 2310 Amphiarae?
1544 2258 1649 2298 alia-

280 2342 383 2383 que.
414 2328 697 2376 Hermannns,
728 2326 782 2366 ad
809 2341 865 2368 vs.
895 2328 1019 2368 1351.
1055 2327 1235 2367 »Mirum
1262 2327 1383 2382 quod
1412 2327 1481 2368 hie
1506 2343 1650 2369 versus

280 2400 453 2440 obelum
484 2398 785 2441 Valekenaerii
827 2398 1018 2454 effugit.‘’
1062 2398 1149 2439 Aut
1175 2398 1283 2438 haec
1313 2412 1401 2439 non
1430 2399 1644 2455 intelligo,

284 2478 357 2512 aut
383 2471 542 2528 ψυχρῶς
568 2470 697 2509 illusit
728 2469 817 2509 eius
843 2469 1063 2509 manibus:
1093 2471 1212 2525 prius
1238 2470 1396 2509 malim.

345 2543 455 2582 1355
471 2557 534 2596 sq.
568 2540 953 2602 ἀνάγετ’-χεροῖν.
973 2541 1111 2581 Perite
1132 2541 1284 2580 horum
1308 2547 1489 2580 metrum
1511 2540 1649 2580 doch-

282 2615 471 2655 miacum
499 2614 679 2654 restituit
709 2613 998 2653 Hermannus:
1033 2612 1155 2668 quod
1186 2612 1316 2652 miror
1345 2612 1499 2667 fugisse
1524 2612 1649 2652 Klot-

283 2686 420 2735 zium,
467 2687 589 2727 euius
619 2691 709 2726 erat
742 2685 841 2726 talia
871 2684 1081 2725 tironibus
1110 2684 1334 2725 ostendere
1366 2690 1406 2724 et
1433 2697 1649 2724 commen-

284 2757 400 2798 dare.
