2020 3326
357 234 437 274 126
756 226 1318 270 COMMENTARIUS.

354 360 430 426 qui
456 370 601 408 locum
633 364 850 419 explicare
880 376 967 402 non
997 367 1180 416 poterat.
1220 362 1487 401 Hermannus
1527 368 1567 401 et
1597 362 1720 402 Klot-

353 442 442 480 zius
475 453 571 478 eum
601 435 801 491 expedire
832 433 909 473 sibi
944 431 1018 473 visi
1048 439 1168 472 sunt:
1201 433 1270 471 ille
1301 432 1356 472 ad
1389 432 1523 488 Soph.
1549 432 1717 472 Eleo-tr.

357 512 421 551 19.
462 508 666 563 explicuit
707 506 965 563 άστερούσσκς
1008 505 1198 552 ἀνατολάς
1231 504 1359 548 ἡλίου·
1404 517 1521 544 nunc
1555 503 1722 544 addidit

352 581 619 626 cautionem,
654 577 903 632 Euripidem
935 591 1077 616 amare
1109 577 1406 616 insolentiora:
1441 588 1554 630 quae
1576 588 1724 615 vereor

350 666 403 692 nc
430 653 527 691 satis
555 656 647 689 tuta
676 663 763 689 non
790 648 863 688 sit:
897 648 1010 687 lianc
1041 648 1151 687 enim
1177 647 1486 702 interpretandi
1512 646 1721 686 rationem

351 724 381 763 si
415 723 698 770 admittimus,
744 720 852 775 quid
883 719 1087 774 impediet
1123 719 1353 774 quominus
1388 718 1623 759 scribamus
1653 731 1718 756 ex.

352 810 412 850 gr.
445 792 662 848 confugio
691 792 754 832 cul
782 805 977 832 amorem
997 790 1212 845 fratrum
1248 789 1378 838 (lali,
1410 803 1513 845 pro:
1557 788 1719 844 comsa-

347 868 424 922 ge'o
458 865 520 904 ad
547 878 742 904 amorem
762 863 1034 918 fraternum
1071 861 1198 910 Caii,
1245 868 1284 901 et
1314 861 1565 901 sententiam
1593 860 1723 916 plane

351 936 655 976 obscuremus?
681 935 898 975 Klotzius:
931 934 1065 974 »mihi
1102 934 1277 989 (inquit)
1312 932 1618 988 simplicissima
1643 931 1724 970 hu-

351 1009 416 1048 ius
457 1008 540 1047 loci
582 1006 828 1062 explicandi
872 1006 980 1045 ratio
1028 1005 1135 1044 haec
1178 1005 1369 1053 videtur,
1417 1010 1462 1043 ut
1501 1002 1726 1043 credamus

351 1079 626 1134 Euripidem,
663 1093 800 1133 quum
833 1077 976 1117 dicere
1007 1083 1169 1131 posset:
1204 1080 1356 1135 ἄστρων
1387 1079 1434 1117 ἄν
1467 1073 1615 1130 fremy?
1648 1077 1726 1115 ἅνω

352 1150 416 1192 καὶ
453 1156 522 1206 γῆς
555 1151 712 1209 ἔνερΞ-ε,
746 1149 859 1189 istud
885 1152 963 1190 ἅνω
995 1149 1077 1188 alia
1105 1148 1288 1188 formula
1321 1146 1725 1202 circumscripsisse,

351 1224 500 1277 itaque
538 1236 617 1277 pro
659 1236 709 1262 eo
756 1222 945 1277 posuisse
984 1220 1087 1265 ἡλίου
1130 1220 1222 1279 πρὸς
1265 1220 1477 1268 ἀντο).εἱς.”
1533 1218 1577 1258 Si
1616 1217 1726 1257 haec

353 1294 658 1349 simplicissima
686 1293 793 1332 ratio
820 1299 904 1341 est,
935 1293 1104 1333 videtur
1130 1293 1355 1347 Euripides
1383 1293 1595 1347 ignorasse
1619 1289 1727 1344 quid

353 1365 579 1405 scriberet:
613 1364 725 1404 idem
771 1364 883 1403 enim
915 1370 971 1403 est
1005 1377 1056 1403 ac
1099 1364 1131 1403 si
1164 1364 1358 1403 dicamus
1401 1361 1639 1402 »adscendi
1671 1360 1726 1400 ad

355 1438 462 1477 acris
489 1436 760 1476 altitudinem
788 1435 994 1475 nubium’'
1025 1448 1105 1489 pro
1138 1434 1370 1475 »adscendi
1398 1448 1526 1488 supra
1543 1432 1721 1473 nubes.''

355 1508 600 1563 Simplicius
642 1514 760 1547 certo
800 1507 1032 1561 scripsisset
1066 1506 1218 1546 Poeta:
1263 1506 1365 1551 ἡλίου
1399 1505 1431 1547 τ’
1467 1510 1544 1546 ἅνω
1579 1503 1720 1558 βολῶν.

353 1580 414 1619 Ne
445 1587 533 1619 tum
565 1579 829 1633 quidemilla
855 1578 1149 1632 interpretatio
1181 1577 1279 1617 ferri
1301 1583 1464 1632 posset,
1496 1576 1529 1616 si
1557 1582 1727 1616 consta-

353 1658 416 1691 ret
448 1658 608 1691 veteres
639 1656 749 1690 astra
781 1663 861 1704 pro
888 1649 1026 1688 minus
1058 1649 1151 1688 altis
1183 1648 1379 1688 habuisse
1405 1662 1537 1702 quam
1568 1648 1722 1695 solem;

354 1722 475 1776 atqui
518 1722 580 1761 sol
620 1735 718 1761 cum
756 1720 875 1760 astris
912 1720 1121 1760 confundi
1153 1720 1271 1760 solet.
1321 1720 1472 1759 Nescio
1511 1732 1591 1759 cur
1623 1717 1723 1758 reti-

355 1807 493 1833 cerem
512 1793 633 1848 quod
660 1793 761 1832 olim
780 1798 988 1831 tentatum
1009 1798 1068 1831 est
1096 1805 1118 1830 a
1144 1791 1363 1831 Piersono:
1395 1792 1553 1850 οἰστρὼν
1584 1790 1631 1832 ἂν
1660 1789 1724 1831 ἔλ-

354 1864 474 1921 θοιμ’.
511 1864 610 1904 Mihi
636 1864 749 1903 idem
775 1864 818 1903 in
841 1869 1023 1902 mentem
1051 1868 1242 1911 venerat,
1274 1869 1507 1917 antequam
1530 1862 1573 1902 in
1595 1862 1726 1905 Valc-

352 1935 599 1977 kenaeriani
648 1935 830 1989 exempli
874 1934 1066 1989 margine
1107 1934 1312 1989 legerem:
1363 1934 1556 1994 »οἰστρῶν
1596 1933 1633 1974 J.
1676 1932 1722 1972 P.

355 2008 500 2048 olim.”
546 2008 738 2047 Fortasse
775 2020 853 2062 per
886 2006 1025 2045 literas
1058 2019 1157 2045 cum
1185 2006 1497 2047 Valckenaerio
1528 2019 1723 2046 commu-

354 2080 536 2120 nicavit:
569 2080 612 2119 in
640 2079 728 2118 eius
760 2084 874 2118 certe
901 2077 1023 2117 editis
1047 2091 1135 2116 non
1164 2078 1345 2132 reperio.
1378 2077 1522 2128 Quum
1553 2076 1607 2116 de
1638 2076 1725 2116 sole

357 2152 534 2206 eiusque
558 2157 656 2190 ortu
682 2150 889 2205 cogitaret
908 2149 1105 2189 librarius
1133 2148 1399 2197 describens,
1430 2161 1572 2188 errore
1588 2147 1730 2202 posuit

355 2226 509 2283 ἄστρων
551 2235 630 2277 pro
660 2221 874 2262 vocabulo
905 2220 1032 2260 literis
1061 2220 1286 2260 simillimo.
1323 2220 1390 2260 Ad
1426 2219 1582 2275 Iphig.
1618 2217 1725 2259 Aul.

358 2295 425 2337 77.
461 2294 533 2334 ubi
566 2294 780 2334 Menelaus
818 2293 976 2333 dicitur
1015 2293 1097 2333 καθ’
1129 2291 1293 2334 Ἑλλάδ’
1327 2293 1532 2353 οἰστρήσας
1564 2290 1727 2352 δρομῷ,

358 2366 625 2405 Hermannus
669 2366 827 2405 utiliter
859 2364 967 2405 haec
1009 2371 1320 2404 commentatus
1349 2371 1430 2404 est:
1479 2369 1628 2403 »recte
1659 2361 1724 2401 di-

358 2443 473 2476 ctum
513 2438 747 2495 οἰστρήσας,
799 2436 921 2491 quod
949 2442 1009 2476 est
1052 2435 1106 2476 ab
1145 2436 1331 2496 οἰστρᾶν,
1382 2436 1425 2475 in
1463 2447 1552 2490 quo
1596 2431 1727 2473 verbo

360 2508 511 2547 ruendi
547 2509 802 2564 significatio
844 2507 992 2547 inest.'’
1045 2506 1199 2562 Itaque
1234 2507 1424 2547 Eteocles
1456 2518 1555 2545 cum
1598 2502 1727 2544 vehe-

360 2578 518 2618 mentia
537 2579 639 2619 dicit
661 2579 738 2633 (est
756 2579 867 2619 enim
883 2579 954 2618 illa
978 2579 1227 2619 asseveratio
1245 2591 1382 2633 prope
1399 2574 1615 2616 delirantis
1638 2587 1729 2613 am-

362 2648 566 2703 bitione):
596 2651 878 2690 errabundus
907 2665 1045 2691 ruens
1072 2651 1135 2690 ad
1148 2650 1475 2690 remotissimas
1508 2652 1657 2686 terras
1683 2650 1726 2685 et

361 2720 424 2760 acl
445 2720 633 2775 Inferos
649 2727 894 2776 penetrare
915 2722 1090 2770 vellem,
1111 2736 1198 2777 quo
1218 2734 1403 2777 regnum
1428 2718 1722 2774 adipiscerer.
