2020 3326
597 229 1164 274 COMMENTARIUS.
1490 230 1567 271 177

189 370 396 429 Euripide
426 385 581 428 parum
618 371 734 410 laute
765 369 983 416 excultum
1014 382 1115 409 esse.
1150 393 1205 398 —-—
1234 369 1413 412 Versum
1445 368 1567 408 deni-

190 459 277 501 que
313 443 435 486 1126.
480 444 532 492 ὡς
575 444 731 502 ὕστερον
778 443 959 489 θανόντος
1000 442 1150 501 εἰσορᾶν
1182 446 1338 501 παρ-ἧν,
1380 439 1569 483 Valcke-

189 517 358 557 naerius
396 516 600 556 insulsum
633 513 864 554 iudicavit:
909 527 1039 567 quem
1081 513 1141 552 sic
1172 513 1329 553 refutat
1360 513 1570 552 Herman-

194 602 295 628 nus:
332 593 534 627 »tantum
565 585 682 626 abest
716 591 762 625 ut
790 584 970 624 insulsus
1000 584 1071 633 sit,
1108 591 1153 624 ut
1181 584 1230 624 sit
1262 585 1390 639 plane
1422 597 1569 623 neees-

190 659 336 699 sarius.
380 659 488 699 Nam
516 658 619 698 dum
650 655 948 712 pugnabatur,
983 670 1070 696 non
1098 662 1268 712 poterat
1298 655 1436 703 cerni,
1467 655 1571 695 alios

189 731 339 771 oculos
380 731 572 778 clausos,
617 729 721 769 alios
760 733 932 784 apertos
974 741 1076 767 esse.
1132 727 1287 783 Itaque
1321 727 1406 767 dici
1439 726 1567 767 etiam

188 802 387 843 distincte
419 800 632 850 debebat,
665 814 752 840 esse
780 799 824 839 id
857 805 952 855 post
983 799 1076 846 illa,
1114 813 1250 853 quum
1281 805 1475 838 mortuus
1504 811 1568 837 es-

189 880 272 922 set,
308 873 572 930 cognitum.'’
614 872 710 912 Non
739 885 850 926 opus
883 870 1051 912 videtur
1082 870 1190 910 haec
1223 870 1388 910 curiose
1420 870 1569 924 explo-

189 959 302 995 rare3
332 945 406 985 sed
440 944 648 985 faciamus
678 949 836 983 tamen.
881 941 1034 982 Narrat
1067 942 1251 982 nuncius
1280 941 1459 997 Argivos
1488 942 1566 981 im-

191 1023 341 1072 petum
375 1016 522 1056 fecisse
553 1015 606 1055 ad
640 1013 910 1056 scandendos
939 1027 1084 1054 muros
1114 1013 1249 1053 urbis:
1281 1013 1475 1069 repulsos
1506 1026 1570 1052 es-

190 1103 252 1129 se:
296 1089 541 1128 interemtos
580 1086 956 1141 Parthenopaeum
996 1092 1036 1125 ct
1069 1084 1342 1140 Capaneum:
1385 1098 1573 1139 quorum

189 1160 260 1200 hic
288 1174 426 1215 quum
454 1159 630 1199 fulmine
659 1158 769 1198 ictus
800 1157 1011 1212 periisset,
1046 1157 1186 1196 fausto
1213 1156 1354 1196 omine
1383 1155 1571 1195 audaces

189 1230 415 1272 Thebanos
445 1230 561 1270 facta
592 1229 818 1284 eruptione
849 1228 933 1267 iam
965 1227 1166 1267 cedentes
1197 1227 1336 1266 hostes
1365 1240 1568 1281 persecu-

192 1309 257 1343 tos
281 1316 391 1351 csse,
429 1316 479 1342 ac
509 1301 653 1341 multis
683 1301 900 1354 utrimque
932 1299 1063 1339 caesis
1093 1297 1244 1338 urbem
1273 1297 1417 1338 adhuc
1446 1297 1567 1337 ineo-

190 1375 347 1414 lumem
374 1387 474 1413 esse.
499 1397 555 1401 —
583 1370 788 1420 Ubinam,
820 1383 1004 1425 quaeso,
1038 1376 1238 1410 narratur
1264 1369 1571 1424 Hippomedon

191 1447 275 1486 iam
312 1452 403 1485 tum
445 1443 681 1484 cecidisse?
723 1441 810 1482 Sed
842 1442 912 1482 fac
946 1456 1043 1482 eum
1075 1442 1346 1482 interemtum
1378 1454 1488 1490 esse,
1523 1441 1571 1481 iis

192 1515 457 1572 temporibus
497 1514 653 1554 aeriter
697 1513 882 1569 pugnari
924 1512 1089 1553 solebat
1131 1512 1185 1552 de
1227 1526 1447 1553 caesorum
1489 1512 1570 1552 du-

191 1602 292 1629 cum
333 1585 612 1643 corporibus:
653 1585 802 1640 itaque
832 1585 919 1626 veri
953 1584 1278 1624 dissimillimum
1310 1590 1369 1624 est
1401 1584 1569 1625 Theba-

188 1673 286 1708 nos,
333 1659 408 1714 qui
450 1671 504 1698 ne
541 1657 763 1698 victoriam
806 1655 984 1711 quidem
1018 1662 1180 1696 certam
1212 1655 1568 1710 reportavissent,

191 1731 348 1771 otiosos
389 1729 614 1785 explorare
656 1729 845 1783 potuisse
887 1727 1067 1782 quinam
1108 1727 1225 1767 oculi
1264 1727 1487 1782 Panoptae
1527 1729 1569 1768 in

193 1803 348 1858 clypeo
392 1800 753 1857 Hippomedontis
796 1800 933 1855 aperti
976 1806 1138 1848 essent,
1196 1799 1375 1854 quinam
1418 1799 1566 1839 clausi.

196 1872 450 1922 Caeterum,
490 1872 611 1927 quod
642 1871 768 1913 valde
797 1871 952 1919 miror,
987 1884 1075 1911 non
1106 1870 1382 1911 adverterunt
1412 1870 1455 1910 in
1487 1870 1570 1911 hac

192 1944 478 1986 controversia
506 1943 799 1983 Hermannum
825 1948 865 1982 et
892 1941 1203 1989 Firnhaberum
1235 1941 1337 1997 (Op.
1357 1941 1383 1980 l.
1409 1956 1453 1996 p.
1475 1942 1565 1997 75.)

191 2029 335 2058 versus
370 2013 482 2056 1147
508 2028 571 2069 sq.
606 2019 733 2073 παρῆν
766 2012 803 2054 δ’
827 2012 992 2054 ἑκάστου
1014 2012 1142 2056 τῶνδέ
1158 2031 1219 2070 μοι
1240 2014 1434 2067 θεάματα
1465 2012 1565 2056 Evu-

192 2090 305 2145 θημα
346 2086 600 2145 παραφέροντι
640 2086 808 2141 ποιμέσιν
848 2084 992 2140 λόχων.
1036 2085 1065 2124 i.
1094 2099 1131 2125 e.
1173 2099 1310 2141 quum
1349 2089 1570 2125 tesseram

184 2159 443 2217 perferrem
467 2157 531 2197 ad
550 2157 701 2206 (luces,
729 2159 812 2211 quz'
836 2158 886 2196 z'n
915 2158 1207 2196 munimentis
1232 2155 1441 2206 stabant,
1462 2156 1570 2211 fuz't

192 2232 304 2273 milei
345 2231 477 2285 copia
516 2228 712 2269 hostium
743 2229 1103 2282 uniuscuiusque
1132 2228 1342 2282 insignia
1375 2228 1429 2268 de
1471 2243 1566 2269 mu-

191 2305 260 2344 ris
292 2299 543 2358 spectandi.
578 2300 660 2339 Eos
690 2312 832 2339 versus
864 2312 949 2339 non
982 2305 1139 2338 temere
1169 2299 1312 2353 posuit
1344 2298 1570 2354 Euripides

187 2375 398 2431 proxime
429 2377 527 2428 post
558 2370 787 2410 recensitos
817 2368 1073 2425 Argivorum
1103 2369 1236 2409 duces
1265 2369 1570 2426 descriptaque

193 2445 372 2500 insignia
401 2448 641 2483 scutorum:
678 2440 792 2481 unde
818 2441 1011 2496 sequitur
1041 2454 1207 2481 versum
1237 2439 1360 2481 1126.
1389 2455 1477 2482 non
1500 2456 1567 2483 so-

192 2517 283 2557 lum
321 2529 407 2556 non
448 2513 760 2562 necessarium,
808 2513 881 2552 sed
927 2513 1112 2552 alienum
1157 2525 1243 2551 esse
1291 2511 1345 2552 ab
1390 2515 1566 2554 consilio

193 2588 373 2627 Poetae:
426 2599 526 2626 nam
570 2585 736 2639 reliqua
783 2583 960 2639 insignia
1008 2583 1260 2638 clypeorum
1305 2597 1392 2624 non
1435 2586 1568 2641 magis

1239 2711 1242 2713 Β
1277 2668 1410 2709 quam
1452 2657 1568 2696 oculi

1215 2654 1222 2669 ἢ

195 2658 379 2699 discerni
421 2662 649 2713 poterant,
703 2673 717 2691 n
737 2655 839 2695 dum
883 2653 1206 2710 pugnabatur,'

192 2729 437 2785 Panoptae:

1278 2795 1339 2840 16)

1310 2825 1340 2841 ,ἡ
