2020 3326
397 246 477 287 140
802 239 1362 281 COMMENTARIUS.

391 381 516 421 fuisse
543 381 587 419 in
616 378 743 418 veteri
772 376 951 415 oraculo
982 388 1070 414 non
1096 375 1183 415 veri
1215 375 1346 414 simile
1373 383 1445 415 est.
1482 377 1688 432 Bergkius
1712 380 1755 419 in

390 452 503 491 Diar.
541 449 690 502 Antiq.
733 445 856 486 1836.
902 461 947 500 p.
980 444 1050 485 69.
1096 446 1229 500 paulo
1274 447 1401 501 plura
1445 460 1644 497 movens,
1687 450 1753 489 in-

392 521 561 577 geniose
611 525 753 558 tamen
795 517 1001 557 coniecit:
1051 512 1113 558 Οῧ
1155 517 1380 575 κατοκλοέσῃ
1395 553 1411 573 ,
1439 518 1444 573 Ι
1472 517 1588 560 πεδία
1621 535 1681 576 μιν
1714 536 1754 562 το

390 593 570 650 Οέσφατου
597 589 601 645 Ι
629 589 823 649 πυροφόρα
854 586 978 644 δέμειυ
1010 590 1120 647 ἔχρη.
1159 588 1244 629 Sed
1270 589 1355 629 hoe
1384 590 1514 630 modo
1542 590 1630 631 duo
1659 604 1753 631 sen-

389 663 544 703 tentiae
574 660 764 702 membra
796 659 914 700 haud
940 660 1039 699 satis
1069 660 1270 715 ligantur.
1307 660 1428 700 Idem
1453 661 1756 715 praecedentia

387 733 573 773 felicius:
623 728 654 790 ᾧ
688 730 936 792 τετρασκελές
964 730 969 786 Ι
997 732 1141 787 μόσχος
1184 729 1394 787 αδοῖματος
1437 733 1589 789 πέσημα
1617 733 1621 788 Ι
1649 732 1748 774 δίκε.

390 804 551 846 Verum
588 816 674 843 esse
708 802 902 842 nondum
933 802 1037 842 mihi
1078 803 1287 858 persuasit
1317 804 1379 845 vir
1419 805 1624 860 egregius.
1675 805 1751 845 Fe-

386 875 443 915 cit
485 875 751 915 Hermannus
788 873 997 914 mutando
1042 880 1081 913 et
1125 874 1444 929 transponendo
1486 881 1532 914 ut
1572 875 1753 916 admisso

385 946 525 988 ’Λόυωυ
557 946 679 986 simul
709 952 844 985 metro
876 944 1109 984 satisfieret.
1153 945 1296 995 Idem,
1338 951 1463 985 acute
1495 946 1676 986 sentiens
1708 948 1752 987 in

385 1017 660 1073 sequentibus
690 1017 894 1072 copulam
923 1015 1240 1071 languidissime
1269 1016 1468 1056 insertam
1499 1030 1585 1056 esse
1614 1016 1753 1057 verbis

385 1090 614 1149 χλοηφόρους
664 1087 729 1130 καὶ
769 1086 1075 1147 βαθυσπόρους,
1117 1093 1208 1127 tum
1246 1088 1475 1128 nonnullos
1518 1087 1644 1128 codd.
1687 1088 1753 1128 his

384 1161 522 1203 verbis
564 1161 795 1216 adiungere
832 1160 941 1217 γυιάς
980 1159 1046 1199 vel
1078 1159 1175 1214 γύας
1215 1159 1281 1200 vel
1312 1160 1474 1218 χώρας,
1516 1159 1659 1199 locum
1690 1160 1750 1199 sic

385 1232 621 1273 constituit:
651 1231 935 1287 καλλιπόταμος
955 1235 1014 1272 Γίυα
1038 1247 1076 1273 τε
1104 1229 1110 1288 Ι
1136 1232 1231 1279 υότις
1255 1230 1455 1291 ἐπέρχεται
1477 1230 1596 1291 ῥυτοῖς
1623 1230 1628 1285 Ι
1657 1231 1749 1290 Δι’ρ-

384 1321 456 1352 κας
487 1303 717 1363 χλοηφόρους
750 1302 1024 1362 βαθυσπόρους
1055 1303 1175 1359 γύαςε
1207 1303 1252 1343 in
1283 1303 1441 1358 quibus
1470 1317 1551 1358 pro
1583 1301 1748 1363 ἐπέρχε-

385 1393 447 1418 ται
489 1375 608 1434 ῥυτοῖς
645 1375 816 1414 mallem
849 1373 1022 1433 ἐπέρχετ’
1055 1374 1242 1429 αγλαοῖς,
1283 1388 1373 1429 quo
1412 1374 1532 1414 ducit
1570 1375 1750 1415 varietas

384 1448 528 1504 γαίας,
569 1446 707 1502 γυιάς,
749 1452 840 1501 γοῖς.
897 1446 978 1485 Pro
1011 1444 1077 1502 μέν’
1113 1445 1256 1485 malim
1299 1458 1399 1484 sane
1437 1461 1527 1501 μιν,
1558 1445 1632 1484 sed
1661 1458 1749 1484 non

385 1519 623 1560 necessario
650 1517 882 1572 requiritur
911 1530 1173 1572 pronomen,
1209 1529 1260 1556 ae
1290 1517 1548 1571 respondere
1573 1522 1752 1570 possunt

384 1587 424 1632 οὖ
449 1615 504 1620 —
526 1589 592 1646 μὲν
631 1595 671 1629 et
703 1592 763 1629 ἵυα
795 1604 836 1629 τε
866 1612 947 1627 —-.
993 1587 1217 1628 Caeterum
1242 1586 1346 1626 mihi
1375 1587 1561 1641 suspicio
1594 1586 1747 1627 oborta

383 1669 466 1711 est,
511 1675 648 1716 quum
676 1660 866 1700 lacerum
898 1659 1022 1699 fuisse
1054 1660 1281 1712 antiquum
1311 1657 1505 1698 codicem
1534 1657 1617 1697 hoe
1647 1657 1745 1697 loeo

384 1739 615 1788 appareat,
655 1745 822 1773 versum
852 1729 915 1771 καὶ
950 1729 1218 1788 βαθυσπόρους
1250 1729 1345 1784 γύας
1380 1729 1627 1783 suppletum
1661 1742 1747 1768 esse

383 1818 463 1860 pro
494 1817 544 1844 eo
576 1803 652 1857 qui
682 1802 986 1850 intercidisset,
1025 1802 1266 1841 desumtum
1295 1814 1345 1840 ex
1374 1814 1432 1840 vs.
1458 1798 1557 1842 670.
1589 1799 1638 1847 εἷς
1669 1798 1746 1854 βα-

382 1877 595 1925 θυσπόρους
618 1874 729 1930 γύας.
768 1874 841 1916 VS.
870 1873 977 1912 653:
1015 1876 1031 1894 *
1051 1873 1138 1921 Διὸς
1172 1873 1354 1929 γάμοισι*
1394 1871 1452 1911 sic
1491 1871 1635 1910 sarciri
1667 1885 1747 1926 po-

382 1955 479 1988 test:
522 1947 559 1989 ἐυ
591 1946 677 1994 Διὸς
707 1947 843 2001 γάμοις
874 1945 986 1986 θεόνε
1039 1944 1139 1985 coll.
1180 1943 1342 1984 Bacch.
1386 1956 1444 1984 VS.
1478 1941 1550 1982 84.
1589 1943 1746 2002 Βρόμιον

382 2019 509 2062 παῖδα
540 2019 631 2061 θεὸν
661 2019 770 2061 θεοῦ,

440 2090 528 2132 658
550 2105 614 2146 sq.
659 2092 830 2145 Βάκχιον
850 2112 908 2118 -—
937 2086 1061 2136 εὐίοις.
1106 2086 1292 2127 Dubium
1322 2099 1409 2125 non
1441 2092 1499 2126 est
1531 2086 1636 2140 quin
1665 2085 1744 2126 ho-

383 2177 476 2203 rum
509 2168 693 2202 metrum
721 2160 981 2216 perspexerit
1010 2159 1304 2205 Hmmanuus,
1343 2157 1402 2196 sic
1433 2170 1576 2197 versus
1606 2156 1745 2196 distri-

383 2234 537 2274 buens:
577 2235 747 2290 Βακχιου
779 2233 951 2291 χόρευμα
983 2231 1100 2290 παρθέ
1128 2230 1133 2286 Ι
1159 2245 1247 2271 υοισι
1270 2226 1465 2282 Θηβαῖαις
1492 2228 1498 2283 Ι
1525 2227 1588 2269 καὶ
1619 2244 1747 2284 γυναι-

384 2305 440 2355 ξὶν
471 2301 607 2361 εὐίοις,
639 2305 796 2360 quibus
829 2302 1138 2358 antistrophiea
1170 2301 1336 2356 egregie
1367 2306 1583 2355 aptantur.

442 2377 541 2420 667.
597 2384 726 2436 κροῖτα
757 2399 814 2406 »-
845 2374 985 2423 ὠλένας
1020 2372 1136 2415 δικὼν
1170 2371 1320 2427 βολαῖς.
1374 2371 1488 2411 Nihil
1528 2371 1746 2425 Interpre-

328 2480 331 2481 γ
386 2456 467 2489 tes:
497 2450 612 2490 unde
639 2449 832 2504 suspicor
858 2461 928 2487 eos
952 2446 1083 2488 verbo
1111 2444 1227 2487 δικεῖυ
1254 2443 1440 2484 tribuere
1466 2443 1548 2483 vim
1563 2440 1747 2495 ferien-

387 2520 460 2569 di,
493 2535 605 2575 quae
635 2526 694 2561 est
720 2520 765 2559 in
791 2517 962 2573 βάλλειν.
1008 2518 1263 2572 Perperam,
1293 2521 1339 2555 ut
1364 2519 1492 2569 puto:
1521 2511 1623 2551 mihi
1655 2525 1746 2551 cer-

386 2596 427 2629 te
456 2591 649 2646 exempla
675 2591 719 2631 in
747 2596 919 2645 promtu
949 2602 1036 2629 non
1067 2595 1176 2628 sunt.
1216 2586 1357 2626 Potuit
1387 2583 1582 2623 librarius
1610 2583 1746 2622 oeulis

387 2660 582 2700 aberrare
622 2662 678 2701 ad
720 2661 912 2716 proxime
951 2673 1131 2714 sequens
1173 2657 1289 2700 δικὼν
1330 2654 1503 2701 ὀδόντας.
1557 2653 1745 2693 Fortasse

389 2731 593 2785 seriptum
624 2732 701 2771 fuit
734 2732 873 2778 ὠλένας
906 2732 1025 2772 θένων
1060 2729 1205 2784 βολαῖς.
