2020 3326
367 221 538 262 INDEX
560 218 772 260 SCRIPT.
797 233 839 258 ιΝ
864 217 1116 260 SCIIOLIIS
1142 218 1457 261 LAUDATOR.
1530 220 1617 261 319

260 358 564 414 Aristophanes
594 357 916 416 Grammaticus.
951 357 1025 398 Or.
1049 357 1144 400 703.
1174 359 1306 415 Hipp.
1336 357 1430 401 170.
1463 351 1617 399 Troad.

318 432 452 472 initio.

260 503 503 544 Aristoteles
530 502 568 543 έν
597 507 643 559 τῇ
673 506 748 544 τῶν
775 501 977 544 Λακώνων
1009 502 1197 557 πολιτείᾳ.
1240 502 1374 543 Andr.
1401 501 1499 543 446.

396 574 434 616 ἐν
463 574 681 618 Θεσσαλῶν
712 573 902 629 πολιτεία.
927 574 1033 628 ι1ὶ1ι.
1058 574 1159 617 307.

263 647 548 703 Asclepiades.
586 646 657 688 Or.
689 645 812 687 1640.

333 746 337 756 .,
396 719 435 761 ἐν
464 718 808 778 τραγῳδουμένοις.
847 718 940 759 Alc.
971 720 1007 758 1.

928 847 974 888 C.

267 979 554 1021 Callimachus
587 978 692 1018 Heo.
717 977 817 1021 467.
842 978 941 1019 915.
976 978 1109 1018 Andr.
1140 977 1238 1019 446.
1272 979 1339 1019 Tr.
1363 981 1463 1023 216.

403 1051 441 1094 ἐν
470 1058 516 1109 τῇ
548 1050 700 1109 Ἑκάλῃ
732 1051 860 1107 Hipp.
885 1050 954 1092 30.

268 1124 545 1166 Callisthenes
575 1123 613 1166 ἐν
641 1123 811 1183 δευτέρῳ
841 1129 916 1165 τῶν
943 1122 1192 1171 Ἑλληνικῶν.
1231 1124 1337 1165 Heo.
1359 1123 1458 1165 892.

271 1197 533 1253 Chrysippus
566 1196 605 1239 ἐν
633 1198 782 1242 ἠθικῶν
809 1195 835 1238 δ
839 1200 984 1255 εκοὲτῳ.
1020 1196 1154 1236 Andr.
1178 1195 1279 1239 276.

269 1269 508 1310 Cinaethon
534 1269 915 1310 Lacedaemonius.
955 1269 1022 1308 Tr.
1047 1267 1147 1309 821.

270 1340 528 1382 Cleostratus
555 1341 766 1381 Tenedius
798 1341 886 1382 Rh.
910 1340 1008 1381 524.

270 1412 470 1454 Comicus
499 1414 686 1454 incertus
717 1412 789 1454 Or.
811 1412 913 1453 224.

270 1484 416 1526 Crates
446 1484 533 1526 Rh.
554 1484 596 1525 5.
628 1484 727 1526 524.

270 1557 467 1599 Cratinus
498 1556 585 1598 Rh.
615 1556 717 1598 416.

404 1628 441 1671 ἐν
471 1630 693 1689 Θρᾴτταις.
731 1629 834 1670 Hec.
858 1627 958 1669 821.

272 1701 422 1743 Critias
450 1703 579 1758 Hipp.
604 1702 703 1743 263.

928 1830 975 1869 D.

274 1949 590 1990 Demosthenes.
622 1946 693 1989 Or.
717 1947 817 1989 245.
850 1947 982 1987 Andr.
1008 1945 1108 1988 967.

274 2022 479 2076 Dercylus
507 2021 576 2061 Tr.
607 2020 672 2061 16.

272 2093 576 2134 Dicaearchus.
609 2092 744 2132 Andr.
772 2092 807 2132 1.

274 2166 480 2221 Didymus
507 2165 613 2206 Hec.
635 2162 736 2205 830.
769 2162 903 2203 Andr.
932 2161 1030 2202 329.
1054 2161 1152 2203 363.

273 2238 417 2278 Dinias
453 2236 491 2279 ἐν
529 2242 584 2296 τῷ
626 2238 770 2296 πρώτῳ
811 2241 876 2283 τῆς
918 2236 1072 2293 πρώτης
1111 2233 1332 2285 συντάξεως
1367 2233 1554 2283 ἐκδόσεως
1588 2232 1634 2275 δὲ

333 2309 533 2370 δευτέρας.
571 2309 644 2351 Or.
664 2308 767 2349 859.

276 2382 489 2423 Diodorus
519 2381 793 2437 Erythraeus.
823 2379 889 2419 Tr.
911 2377 1012 2420 821.

278 2455 501 2510 Dionysius
533 2455 551 2495 ὁ
582 2453 643 2495 τὸν
674 2452 826 2495 Κύκλον
858 2456 1034 2501 ποιήσας.
1076 2452 1181 2492 Heo.
1202 2451 1296 2492 119.

426 2528 445 2568 ὁ
473 2527 750 2586 Κνκλογροὶφος
779 2524 816 2567 ἐν
845 2530 900 2583 τῷ
934 2526 1092 2585 πρώτῳ.
1128 2523 1202 2565 Or.
1223 2522 1323 2564 859.

279 2597 598 2654 Dionysodorus
642 2598 679 2641 ἐν
714 2600 792 2647 τοῖς
828 2598 939 2656 παρὰ
976 2600 1053 2646 τοῖς
1088 2594 1306 2657 τραγῳδοῖς
1340 2596 1632 2656 ἡμαρτημένοις.

336 2671 422 2712 Rh.
446 2671 544 2713 504.

275 2744 397 2785 Duris
428 2743 466 2785 ἐν
495 2743 664 2804 δευτέρῳ
696 2748 771 2788 τῶν
804 2741 949 2803 Ὥρων.
986 2743 1087 2784 Hec.
1111 2740 1209 2782 915.
