2020 3326
645 250 1208 293 COMMENTARIUS.
1542 252 1613 291 151

239 396 559 445 occupaverat,
607 389 650 429 in
691 382 865 444 promtu
906 388 986 429 fuit
1030 389 1263 430 correctori
1308 390 1485 430 metrico
1534 403 1612 445 pro

238 462 268 502 τ’
292 460 468 522 αρδεύσει
497 460 682 501 scribere
710 460 931 502 καταδεύει.
970 459 1196 501 Caeterum
1223 461 1276 501 de
1306 462 1499 517 spondeo
1532 475 1611 517 pa-

238 534 441 574 roemiaci
470 533 669 573 satisfecit
700 533 969 573 Hermannus
997 533 1040 572 in
1072 532 1145 572 El.
1180 532 1241 573 D.
1270 532 1402 573 Melr.
1437 549 1480 588 p.
1511 531 1611 574 378.

238 606 363 645 llunc
387 605 543 661 pedem
570 605 613 644 in
639 618 685 644 ea
713 605 812 644 sede
840 618 928 644 non
952 604 1089 644 multo
1116 604 1250 659 magis
1274 604 1501 659 aTragicis
1528 604 1611 644 fre-

237 683 492 731 quentatum
518 676 643 716 fuisse
666 690 798 730 quam
814 675 942 715 hodie
967 674 1183 724 creditur,
1203 676 1301 731 quis
1324 676 1538 715 affirmet?
1557 700 1615 705 ——

236 748 397 788 Ornate
426 747 652 803 Euripides
680 747 793 787 idem
822 747 928 787 dixit
962 746 1107 802 quod:
1147 746 1255 786 Urbs
1278 747 1524 802 aedeficata
1548 753 1615 786 est

236 822 361 860 z'nler
389 819 575 859 Dc'rcem
603 824 645 859 et
676 819 930 867 Ismenum,
966 821 1049 874 qui
1079 833 1235 859 amnes
1267 833 1473 874 campum
1506 824 1612 858 ante

237 891 387 931 urbem
419 895 680 946 porrectum
722 892 938 946 irrigant.
1004 890 1237 930 Sociantur
1283 897 1425 930 autem
1471 903 1612 945 aquae

238 961 386 1003 Dirces
413 969 452 1002 et
471 962 649 1010 Ismeni,
678 975 795 1001 more
824 968 1071 1016 poetarum,
1107 969 1152 1002 ut
1178 963 1222 1002 in
1239 960 1405 1003 Bacch.
1430 962 1471 1002 5.
1506 965 1612 1020 παρ-

238 1050 309 1090 ειμι
333 1035 472 1093 Δίρκης
503 1033 647 1090 νάματ’
672 1033 844 1088 Ἰσμηνοῦ
876 1033 906 1074 (7³
930 1032 1053 1093 ὕδωρ,
1086 1040 1126 1074 et
1153 1047 1299 1089 saepe:
1330 1048 1430 1074 nam
1461 1035 1613 1074 omitto

236 1107 431 1161 exempla
466 1119 580 1161 quae
621 1106 787 1160 integra
828 1112 948 1155 sunt;
994 1119 1128 1145 unum
1170 1105 1345 1145 afferam
1388 1106 1510 1145 cuius
1549 1106 1614 1145 in-

236 1179 422 1218 veterata
454 1177 625 1217 macula
656 1176 739 1216 hac
772 1176 1068 1217 observatione
1099 1176 1262 1232 detergi
1293 1182 1446 1231 potest.
1482 1177 1616 1216 Nimi-

237 1263 332 1289 rum
373 1249 416 1289 in
459 1247 660 1302 Aeschyli
695 1247 818 1302 Sept.
854 1247 918 1287 ad
945 1245 1026 1287 le.
1059 1261 1117 1288 vs.
1145 1247 1246 1288 255.
1280 1248 1324 1287 in
1354 1254 1454 1288 voto
1487 1248 1614 1287 Eteo-

238 1321 313 1360 clis
344 1320 452 1360 haec
484 1326 605 1359 sunt:
634 1319 774 1378 Δίρκης
806 1335 844 1360 τε
876 1321 1049 1376 πηγαῖς,
1081 1318 1163 1361 οὐδ’
1186 1319 1256 1361 ἀπ’
1288 1319 1461 1377 Ἰσμηνοῦ
1495 1320 1610 1377 λέγω.

238 1392 359 1442 Quae
390 1392 421 1431 si
439 1391 731 1446 significarent
766 1391 829 1445 (ut
850 1392 1000 1432 volunt
1028 1391 1332 1447 Interpretes):
1367 1406 1511 1448 neque
1538 1408 1615 1433 ex-

236 1465 355 1517 cipio
386 1463 644 1510 Ismenmn,
677 1462 826 1502 saltem
854 1469 1122 1518 exspectares
1153 1464 1196 1503 in
1222 1463 1467 1518 parenthesi
1499 1465 1614 1520 posi-

235 1541 275 1575 ta
308 1534 396 1576 οῦκ
428 1533 498 1577 ἀπ’
532 1534 706 1591 Ἰσμηνοῦ
739 1534 855 1591 λέγω.
901 1535 1197 1575 Wellauerus:
1237 1536 1403 1575 »simile
1435 1542 1494 1575 est
1531 1536 1615 1591 (in-

234 1607 346 1661 quit)
385 1607 427 1646 in
457 1606 591 1661 Soph.
627 1606 701 1646 El.
737 1606 860 1646 1116.
895 1610 946 1655 ὥς
979 1607 1012 1648 σ’
1036 1607 1105 1650 ἀπ’
1139 1606 1333 1663 ἐλπίδων,
1366 1607 1460 1663 Οὐχ
1492 1605 1616 1667 ὦνπερ

236 1676 475 1734 ἐξέπεμπον,
507 1677 775 1735 εἰσεδεξάμην.
823 1678 1011 1719 Minime:
1049 1679 1373 1719 dissimillimum
1404 1686 1482 1719 est:
1517 1680 1615 1720 Ele-

236 1757 327 1790 ctra
359 1751 487 1790 dicit:
539 1753 712 1806 accipio
747 1756 789 1791 le
828 1751 884 1791 ab
914 1751 1013 1791 alia
1045 1765 1146 1807 spe,
1193 1765 1330 1806 quam
1362 1766 1415 1791 ea
1448 1767 1539 1807 qna
1571 1757 1614 1792 le

235 1823 362 1863 domo
396 1825 523 1862 mz'sc':
568 1823 611 1862 in
652 1822 810 1877 quibus
845 1823 925 1864 ἀπό
965 1823 1132 1863 solitam
1164 1822 1294 1863 habet
1333 1830 1609 1878 potestatem,

238 1899 284 1932 ut
324 1894 368 1933 in
410 1893 568 1933 Traele.
597 1893 698 1934 664.
738 1893 809 1935 ἀπ’
841 1893 996 1943 ἐλπίδος
1027 1894 1171 1943 nah-kg:
1211 1901 1252 1934 et
1290 1892 1414 1954 ὧνπερ
1451 1894 1616 1935 dictum

238 1970 298 2004 est
327 1977 407 2019 pro
426 1964 492 2023 ἀφ’
516 1962 660 2024 ὧνπερε
690 1966 869 2006 omissae
899 1966 1229 2021 praepositionis
1257 1967 1451 2020 exempla
1470 1980 1615 2021 prom-

238 2035 288 2074 sit
343 2035 499 2074 Bernh.
553 2035 597 2075 in
643 2036 772 2090 Synt.
818 2053 865 2092 p.
913 2035 1013 2077 203.
1091 2037 1255 2077 Locum
1311 2036 1512 2091 Aeschyli
1558 2038 1617 2077 sic

241 2107 434 2162 corrigo:
485 2107 624 2165 Δίρκης
667 2123 707 2148 τε
740 2110 882 2164 πηγαῖς
913 2106 1035 2149 ὕδατί
1062 2108 1095 2150 τ’
1119 2108 1292 2163 Ἰσμηνοῦ
1329 2107 1444 2164 λέγω.
1500 2109 1619 2149 Iudi-

239 2183 336 2217 cent
380 2178 505 2231 periti
549 2179 655 2218 sitne
696 2178 852 2219 Poetae
895 2178 979 2219 hac
1031 2179 1115 2219 leni
1154 2180 1391 2219 mutatione
1430 2180 1616 2221 redden-

242 2248 296 2288 da
334 2249 567 2288 sententiae
607 2249 878 2305 simplicitas,
923 2264 979 2290 an
1013 2250 1247 2290 etiamnum
1279 2250 1543 2291 haerendum
1574 2253 1617 2292 in

241 2320 529 2374 grannnaticis
573 2320 703 2374 spinis
745 2327 784 2360 et
824 2320 1018 2360 obscuris
1055 2320 1358 2361 traditionibus
1396 2329 1436 2362 et
1479 2323 1622 2363 Pelas-

242 2391 319 2445 gis.
376 2390 571 2445 Denique
622 2390 754 2430 dubia
806 2398 864 2431 est
902 2391 1161 2441 similitudo,
1219 2406 1333 2447 quae
1377 2393 1620 2434 Elmsleium

242 2461 411 2501 induxit
465 2468 509 2501 ut
559 2462 672 2502 varie
718 2469 926 2503 tentatum
979 2463 1125 2503 locum
1167 2463 1367 2504 Medeae.
1401 2464 1488 2505 820
1521 2480 1619 2521 sqq.

244 2538 323 2580 πῶς
355 2528 416 2574 οὖν
450 2534 557 2593 ἱερῶν
592 2539 776 2590 ποταμῶν
808 2535 830 2579 ἢ
867 2534 973 2582 πόλις
1005 2535 1028 2578 ἢ
1062 2534 1181 2594 φίλων
1214 2537 1408 2592 πόμπιμός
1437 2554 1479 2578 σε
1510 2541 1624 2598 χώρα

246 2605 317 2646 τάν
359 2604 644 2665 παιδολέτειραν
685 2605 787 2662 ἕξει,
831 2608 902 2650 ταν
944 2606 1018 2663 οὐχ
1062 2607 1170 2649 ὁσίαν
1213 2608 1295 2665 μετ’
1326 2609 1454 2651 ἄλλων
1465 2645 1482 2665 ,
1526 2625 1625 2651 cum

246 2675 517 2717 Phoenissis
565 2678 792 2718 conferret.
856 2678 999 2718 Facile
1045 2679 1194 2719 credas
1232 2681 1438 2736 scriptum
1475 2683 1620 2722 fuisse:

246 2748 338 2796 Πῶς
369 2742 430 2790 οὖν
463 2749 574 2807 ἱερῶν
606 2755 790 2805 ποταμῶν
824 2750 874 2792 οὐ
908 2750 1012 2798 πόλις
1044 2751 1066 2796 ἢ
1101 2750 1213 2809 φίλων
1235 2754 1428 2810 πόμπιμός
1450 2770 1490 2796 σε
1513 2757 1626 2813 χώρα
