2020 3326
484 194 1050 237 COMMENTARIUS.
1380 198 1460 241 147

79 333 256 388 lumque
285 333 418 388 magis
449 346 686 388 propensos
716 332 841 373 fuisse
873 334 1241 376 circumstantium
1273 337 1449 377 animos.

79 404 229 452 Nunc,
260 418 397 460 quum
429 404 651 459 Polynices
678 405 720 444 in
748 405 950 460 precibus
980 406 1083 447 nihil
1109 407 1261 448 dixerit
1284 408 1337 448 de
1364 408 1450 449 fra-

78 476 150 516 tris
187 490 286 517 vera
312 476 488 525 iniuria,
531 475 755 516 credemus
782 476 1032 533 Euripidem
1058 478 1203 519 fecisse
1231 480 1451 521 Eteoclem

75 547 230 588 iustam
265 547 531 588 crudelitatis
562 561 734 587 causam
763 550 1113 603 praetexentem?
1146 550 1331 592 Credant
1359 553 1448 592 alii:

76 632 165 660 non
195 633 291 676 ego.

135 692 237 733 773.
283 689 456 745 λαβόντα
487 690 626 747 πέμψω
654 690 773 751 δεῦρο
808 692 1015 751 Τειρεσίαν.
1063 693 1321 735 Erraverunt
1352 708 1452 734 sane

76 763 414 803 Valckenaerius
453 763 619 819 quique
663 777 759 803 eum
797 765 931 804 secuti
972 771 1092 814 sunt,
1134 766 1348 822 corrigere
1380 779 1453 807 vo-

75 834 208 875 lentes
232 833 392 885 ἄξοντα.
439 836 629 875 Fortasse
658 849 745 875 non
774 836 871 875 satis
902 836 1104 877 tenebant
1130 838 1449 893 interpretatio-

74 920 193 955 nem,
255 922 387 962 quam
440 907 593 962 praeiit
651 906 916 948 Scholiasta:
971 909 1021 957 ὡς
1063 912 1128 950 τοῦ
1169 910 1379 957 Μενοικέως
1410 908 1449 951 ἐν

74 983 128 1035 τῷ
161 978 416 1038 στρατοπέδῳ
458 982 558 1027 ὄντος
601 983 710 1020 τοῦτο
742 980 867 1037 φησίν.
925 980 1209 1022 Refutaverat
1251 982 1335 1021 iam
1376 995 1448 1020 eos

74 1050 280 1091 Abresch.
314 1051 370 1092 ad
401 1051 556 1091 Aesch.
589 1050 666 1091 ΙΙΙ.
705 1067 750 1106 p.
786 1051 880 1093 173.
915 1051 1200 1100 Schaeferus,
1232 1066 1448 1092 nonnum-

75 1136 208 1176 quam
236 1123 358 1163 nimis
388 1129 558 1171 acutus,
594 1121 823 1180 dubitabat
856 1135 910 1162 an
941 1123 1174 1163 sententiae
1205 1123 1452 1163 conveniret

75 1193 242 1244 ἄξοντας
283 1195 436 1235 etenim
464 1193 608 1244 ἄξοντα
640 1193 779 1250 πέμψω
811 1192 925 1252 δεῦρο
961 1195 1157 1251 Τειρεσίαν
1195 1195 1448 1235 vertendum

73 1266 227 1307 videri:
255 1268 429 1307 mittam
456 1266 542 1306 huc
568 1271 618 1306 ut
650 1266 889 1314 Tiresiam,
920 1266 997 1320 qui
1024 1265 1094 1305 bic
1119 1271 1332 1314 versatur,
1367 1266 1452 1306 alio

73 1338 224 1378 ducat.
277 1363 334 1367 ——
375 1337 491 1389 Quid
535 1336 758 1392 impedivit
805 1337 1036 1391 quominus
1072 1337 1264 1392 iungeret
1306 1335 1453 1386 ἄξοντα

75 1409 219 1469 ὃεῦροΡ
262 1409 393 1465 Apud
424 1409 715 1449 Hermannum
756 1421 843 1448 non
883 1408 1120 1448 concinunt
1157 1415 1360 1449 annotata
1395 1410 1452 1449 ad

74 1480 116 1520 h.
145 1481 173 1520 l.
215 1495 315 1521 cum
358 1480 496 1520 Praef.
540 1496 585 1535 p.
615 1494 683 1519 xx.
724 1478 820 1519 ubi:
872 1480 1126 1528 »Eteocles‚
1161 1480 1326 1535 inquit,
1363 1481 1450 1521 Me-

75 1565 284 1592 noeceum
314 1551 368 1592 ab
397 1566 438 1591 se
474 1552 647 1592 missurn
679 1565 766 1591 esse
797 1552 883 1600 ait,
918 1552 994 1606 qui
1027 1552 1228 1592 Tiresiam
1257 1552 1452 1593 adduce-

75 1624 181 1664 ret.’'
217 1649 265 1655 -—
302 1623 484 1666 Videtur
522 1624 652 1663 Poeta
689 1623 797 1664 haec
828 1623 887 1663 ita
922 1623 1145 1663 instituisse
1179 1630 1225 1664 ut
1254 1624 1449 1665 Eteocles

74 1696 231 1736 inscius
280 1709 409 1736 causa
455 1702 561 1736 esset
607 1695 755 1735 salutis
799 1694 1130 1735 Thebanorum:
1189 1695 1266 1749 qui
1312 1710 1451 1750 quum

75 1767 245 1808 Creonti
283 1767 412 1807 dicit:
459 1766 517 1809 σοι’
550 1767 616 1822 μὲν
649 1768 728 1826 γὰρ
760 1766 852 1815 ἡδὺς
885 1767 933 1814 εἰς
965 1766 1097 1823 λόγους
1130 1765 1335 1826 ἐφίξεται,
1379 1781 1448 1807 ap-

75 1838 255 1879 tificiose
287 1838 371 1878 hoc
414 1840 652 1894 opponitur
688 1839 918 1894 suspicioni
960 1839 1142 1879 Tiresiae
1179 1853 1280 1895 erga
1322 1840 1448 1879 Eteo-

75 1911 208 1958 clem,
242 1910 454 1964 simulque
490 1911 624 1951 ironia
658 1910 799 1951 subest
842 1911 965 1950 cuius
998 1911 1192 1951 Eteocles
1223 1911 1311 1965 ipse
1342 1924 1448 1951 con-

75 1981 186 2021 scius
218 1994 305 2020 non
336 1987 409 2020 est.

135 2050 234 2093 789.
282 2051 341 2093 ἐπὶ
383 2052 622 2111 καλλιχόροις
662 2056 875 2111 στεφάνοισι
916 2051 1086 2101 νεάνιδος
1129 2057 1246 2112 ὥρας.
1303 2053 1450 2093 Lectio

75 2129 221 2184 ὥραις,
263 2138 376 2179 quae
423 2124 595 2164 codices
624 2125 881 2180 occupavit,
925 2125 1051 2165 foeda
1083 2125 1331 2180 corruptela
1364 2132 1448 2173 est,

75 2210 209 2252 quam
248 2209 373 2235 nemo
408 2195 696 2251 Interpretum
729 2196 946 2251 explicare
976 2196 1133 2251 potuit.
1188 2196 1454 2237 Sententiam

74 2268 256 2309 restituit
294 2274 456 2308 servata
491 2267 545 2307 ab
587 2267 835 2308 Scholiaslis
878 2267 1004 2308 lectio
1037 2272 1172 2327 ὠρας,
1215 2274 1261 2308 ut
1289 2268 1452 2308 mireris

79 2355 166 2381 esse
206 2340 281 2394 qui
312 2345 538 2394 spernant,
576 2353 657 2379 nec
690 2339 871 2379 sentiant
902 2340 1208 2394 praestantiam
1244 2340 1455 2395 interpre-

76 2410 246 2452 tationis
272 2411 606 2467 Musgravianae.
639 2411 842 2452 Universa
869 2411 1075 2451 sententia
1101 2411 1225 2451 huius
1251 2411 1335 2452 loci
1363 2412 1453 2452 cla-

76 2490 163 2523 mat
203 2498 291 2524 non
331 2484 399 2539 agi
434 2483 486 2523 de
518 2483 727 2539 virginum
760 2483 940 2538 nuptiis,
987 2497 1068 2523 nec
1100 2483 1153 2523 de
1184 2483 1339 2539 puellis
1369 2498 1451 2523 nu-

78 2554 260 2604 bilibus,
319 2555 392 2595 sed
437 2555 490 2594 (le
536 2556 717 2595 florente
764 2555 983 2595 iuventute
1029 2554 1210 2595 chorum
1254 2555 1451 2595 saltante.

81 2626 124 2666 Si
154 2627 416 2682 Musgravius
444 2627 547 2667 nibil
580 2627 657 2667 nisi
690 2626 955 2681 apposuisset
985 2640 1035 2666 ex
1062 2626 1192 2674 Ione,
1215 2625 1314 2667 490.
1344 2626 1451 2683 λα’μ-

80 2713 195 2740 πωσιν
237 2697 273 2739 ἐν
313 2698 510 2755 θαλάμοις
554 2699 744 2758 πατρίοισι
787 2696 951 2746 νεανίδες
982 2696 1104 2753 ἧβαι,
1146 2698 1230 2738 iam
1270 2699 1455 2739 melioris
