2020 3326
394 256 479 296 228
791 252 1347 293 COMMENTARIUS.

399 391 522 434 1714.
552 390 797 446 praesertim
821 388 920 429 838.
953 389 1078 449 τυφλῷ
1109 387 1196 431 ποδὶ
1227 388 1428 447 ὀφθαλμὸς
1449 391 1485 431 εἶ
1500 389 1546 431 σὺ
1561 425 1576 445 ,
1607 391 1751 446 ναυβα-

398 479 518 505 ταισιν
546 465 683 521 ἄστρον
712 465 778 508 ὥς.
830 459 974 500 Orest.
1009 460 1109 503 795.
1155 463 1244 518 ἕρπε
1276 465 1338 503 νῦν
1350 496 1366 516 ,
1407 460 1491 511 οἴαξ
1526 462 1641 511 ποδός
1673 481 1747 520 μοι.

398 536 446 574 111
475 535 546 574 1113
580 539 719 573 autem
748 531 1020 586 metaphora,
1063 547 1193 587 quam
1226 533 1478 589 corrigendo
1509 535 1658 579 intuli,
1693 549 1754 575 re-

396 607 540 661 quiras
570 619 650 661 pro
675 605 961 664 θεραπεύμασιν
992 605 1171 659 aliquod
1204 604 1465 646 vocabulum
1499 606 1554 647 ad
1583 607 1753 663 naviga-

399 678 555 717 tionem
584 677 819 733 pertinens;
863 690 1009 717 verum
1050 676 1134 716 1100
1176 676 1366 717 dandum
1404 677 1482 717 fuit
1516 677 1671 719 Poetae
1709 686 1756 719 ut

399 749 576 790 verbum
606 755 783 804 poneret
812 762 936 789 omne
966 762 1097 804 genus
1127 762 1254 788 curae
1286 749 1542 804 significans.
1586 750 1756 791 Confer-

400 822 434 860 ri
465 827 650 861 meretur
680 835 729 861 ex
755 820 885 861 Here.
905 820 1009 860 Fur.
1038 819 1117 859 631
1144 833 1240 874 sqq.
1281 818 1365 869 ἄξω
1395 819 1527 876 λαβών
1559 838 1601 879 γε
1631 822 1756 871 τούςδ’

401 892 600 953 ἐφολκίδας
639 895 763 953 χεροῖν
777 928 793 948 ,
833 896 922 940 ναῦς
954 890 992 933 δ’
1014 892 1064 940 ὣς
1096 890 1263 950 ἐφέλξω·
1311 891 1375 933 καὶ
1407 894 1486 954 γὰρ
1518 894 1585 935 οὐκ
1616 895 1758 937 ἀναίνο-

401 984 470 1022 μαι
501 967 811 1026 θεράπευμα
843 966 993 1007 τέκνων.
1039 963 1262 1005 Caeterum
1293 966 1545 1005 commutari
1575 965 1652 1007 ista
1683 981 1758 1023 po-

403 1039 528 1079 tuisse
557 1037 832 1078 ostenderunt
859 1035 1106 1092 typothetae
1133 1036 1313 1086 Klotzii;
1347 1036 1417 1077 1110
1449 1044 1590 1077 autem
1620 1052 1642 1077 e
1672 1053 1760 1079 ver-

399 1110 463 1150 bis
502 1110 740 1169 ἐστερημένον
778 1108 935 1166 ὁδηγίας
977 1108 1116 1149 οἰκείων
1158 1107 1372 1168 ὀφθαλμῶν
1383 1144 1399 1164 ,
1441 1109 1604 1149 scholio
1646 1111 1759 1151 codi-

405 1197 531 1231 cum,
574 1183 616 1223 in
646 1181 802 1238 quibus
839 1182 973 1241 τυφλόν
1006 1181 1211 1235 scriptum
1240 1187 1322 1230 est,
1357 1181 1499 1221 nescio
1534 1182 1755 1236 quomodo

405 1254 566 1310 colligit
604 1254 780 1309 intelligi
810 1260 949 1294 tamen
987 1252 1215 1312 wfflwjrrow:
1266 1267 1380 1307 quae
1421 1252 1529 1308 quid
1559 1252 1759 1294 differunt

405 1340 427 1365 a
462 1325 606 1366 Schol.
652 1325 756 1367 Hec.
794 1324 914 1365 1026.
948 1324 1001 1364 M.
1055 1325 1183 1384 τυφλῷ
1217 1323 1306 1367 ποδὶ
1336 1326 1608 1385 πορευόμενον,
1648 1331 1760 1383 ἤγουν

409 1396 474 1439 διὰ
517 1396 634 1446 ποδὸς
647 1432 664 1452 ‚
715 1400 766 1453 μὴ
817 1396 889 1438 ὑπὸ
941 1395 1155 1451 βλεπόντων
1205 1397 1418 1455 ὀφθαλμῶν
1475 1397 1757 1455 ὁδηγουμενονῖ

404 1469 539 1510 Immo
584 1470 699 1510 varia
747 1470 871 1509 lectio
913 1469 1048 1527 τυφλόν
1087 1475 1179 1508 orta
1223 1475 1281 1508 est
1320 1482 1370 1508 ex
1412 1469 1759 1525 interpretatione

407 1541 627 1596 marginali
660 1540 857 1581 vocabuli
890 1541 1082 1588 rarioris,
1115 1541 1178 1581 vel
1210 1540 1320 1581 novi.

465 1611 591 1653 1556.
641 1616 751 1670 ποίρα
794 1613 871 1672 γὰρ
910 1615 1108 1668 στενάχειν
1140 1610 1260 1666 ταδ’,
1300 1612 1440 1653 ἀϋτεῖν.
1496 1612 1760 1652 Hermannus

400 1685 523 1724 metri
566 1698 693 1724 causa
731 1691 866 1740 utque
903 1684 1138 1739 asyndeton
1169 1684 1342 1732 vitaret,
1384 1683 1558 1738 reliquis
1589 1684 1754 1733 recisis,

403 1756 566 1811 scripsit
608 1756 700 1815 παρ’
744 1757 885 1807 αϋτεῖν.
951 1756 992 1795 Si
1033 1755 1152 1795 metri
1201 1761 1364 1795 tantum
1408 1754 1609 1795 habenda
1653 1756 1760 1797 ratio

409 1834 528 1877 erat,
560 1829 798 1869 maluissem
828 1829 870 1868 111
905 1826 1200 1882 antistrophici
1231 1840 1372 1866 versus
1405 1826 1524 1866 initio
1563 1827 1761 1882 supplere

408 1897 439 1941 ὦ
470 1904 622 1961 πάτερ,
663 1897 694 1941 ὦ
726 1903 868 1960 πάτερ.
923 1899 1006 1939 Sed
1043 1899 1095 1938 de
1125 1898 1382 1938 intolerabili
1415 1897 1617 1952 asyndeto
1649 1899 1761 1939 facio

410 1987 507 2013 cum
539 1974 796 2013 Hermanno.
840 1972 923 2024 Qui
954 1970 1145 2010 oblocuti
1174 1976 1292 2019 sunt,
1325 1970 1530 2010 nonnulla
1561 1971 1763 2011 confude-

410 2051 532 2084 runt:
565 2045 692 2085 veluti
726 2043 924 2098 Aeschyli
957 2042 1081 2097 Sepl.
1112 2041 1175 2082 ad
1206 2042 1278 2081 Th.
1313 2042 1407 2082 132.
1447 2043 1585 2083 στόνων
1614 2043 1762 2099 ἀϋτᾶς,

411 2116 482 2156 ubi
526 2123 694 2172 praeter
736 2116 1027 2156 necessitatem
1070 2113 1178 2153 haec
1233 2113 1320 2153 duo
1376 2113 1587 2154 vocabula
1641 2128 1764 2170 sepa-

412 2194 525 2228 rant:
561 2188 767 2243 genitivus
797 2188 907 2227 enim
935 2187 1074 2227 στόνων
1106 2184 1264 2241 pendet
1293 2184 1346 2225 ab
1370 2185 1522 2240 αϋτοῖς,
1558 2199 1608 2225 30
1643 2200 1764 2242 prae-

412 2266 524 2300 terea
563 2259 778 2315 iungenda
819 2265 939 2299 sunt:
985 2258 1143 2306 Λύκειος
1173 2260 1278 2314 γενοῦ
1307 2259 1444 2299 στόνων
1475 2258 1616 2305 αὐτοῖς.
1672 2258 1761 2298 Νο0

411 2330 686 2372 observarunt
716 2331 759 2371 in
800 2330 1157 2371 Phoenz'ssarum
1193 2343 1342 2378 versu,
1389 2329 1611 2369 interiecto
1650 2328 1763 2385 ταδ’,

413 2403 646 2457 asyndeton
687 2403 784 2443 ferri
819 2416 905 2442 11011
943 2416 1084 2457 posse:
1132 2407 1295 2456 quanto
1334 2401 1502 2441 suavius
1541 2400 1761 2456 Euripides

410 2474 591 2514 scribere
622 2475 782 2529 potuit:
820 2477 929 2533 πάρα
961 2475 1038 2533 γὰρ
1067 2474 1274 2529 στοναχαῖς
1305 2471 1398 2514 ταδ’
1427 2473 1575 2513 αϋτεῖνέ

477 2545 597 2585 1561.
636 2544 775 2604 ξίφεσιν
805 2544 968 2605 βρίθων.
1014 2544 1428 2600 Antistrophicorum
1454 2543 1637 2598 suspicio
1669 2545 1762 2583 000-

417 2615 474 2669 git
504 2616 792 2657 Hermannum
822 2624 861 2658 01
895 2617 1131 2657 Seidlcrum
1166 2622 1212 2656 ut
1244 2616 1359 2656 hunc
1392 2629 1557 2656 versum
1586 2628 1673 2654 non
1701 2614 1761 2654 in-

414 2693 577 2741 tegrum
619 2702 704 2728 esse
741 2696 954 2744 putarent.
1010 2689 1162 2742 Itaque
1192 2687 1261 2727 illc
1290 2693 1386 2742 post
1417 2685 1564 2746 βρίθων
1591 2685 1759 2740 supple-

414 2759 470 2799 vit
510 2759 682 2815 φονίοισι,
724 2759 854 2814 idque
896 2759 1085 2800 Seidlero
1134 2758 1314 2813 placuit.
1362 2757 1460 2797 Mihi
1505 2770 1590 2798 non
1630 2756 1756 2805 item,
