2020 3326
631 238 1201 283 COMMENTARIUS.
1521 246 1607 286 219

234 389 347 430 quae
379 374 528 415 lubido
560 381 607 415 ut
644 362 922 425 histrionum,
970 377 1028 418 ita
1060 377 1333 422 librariorum
1375 395 1502 437 saepe
1534 382 1608 422 sed

235 448 350 487 varia
383 447 436 486 de
468 460 597 486 causa
629 448 877 502 praesertim
908 448 951 488 in
981 451 1205 504 postremis
1237 453 1500 493 senariorum
1532 467 1605 494 vo-

236 517 402 558 cabulis
440 517 609 566 saeviit,
654 519 844 575 indeque
874 526 993 560 ortae
1024 522 1165 562 variae
1199 523 1404 564 lectiones
1445 524 1606 579 (euius-

237 589 353 629 modi
389 590 531 629 insunt
568 589 618 629 iis
657 604 772 646 quae
802 591 974 647 collegit
1005 592 1283 635 Marklandus
1313 603 1410 650 post
1451 597 1608 636 utrius-

236 675 322 715 que
339 661 613 716 Iphigeniae
634 662 883 717 editionem)
914 677 973 704 vs.
997 664 1043 713 7,
1075 671 1120 705 ut
1139 673 1270 720 puto,
1307 669 1398 709 ποτέ
1419 675 1459 709 61
1484 669 1602 716 θεοῖς.

240 733 336 774 171.
368 734 549 791 κυρεῖ-
572 733 710 775 πόθεν.
754 732 855 774 390.
891 737 1022 791 τυχεῖν
1043 761 1100 765 -—
1120 739 1280 793 μαθεῖν.
1326 739 1425 780 393.
1459 739 1606 796 δυσχε-

237 804 296 862 ρές
316 828 371 832 —
394 802 615 859 δυσμαθές.
652 804 750 845 402.
783 811 914 848 κακῶν
935 832 992 838 —-·
1012 808 1119 849 θεόν.
1154 809 1256 850 410.
1286 811 1388 870 φιλόν
1408 837 1465 841 —
1486 813 1602 868 μέγα.

236 875 333 916 713.
376 875 481 918 πόλιν
514 901 571 905 ——
602 878 783 936 στρατόν.
823 877 948 918 1239.
991 881 1092 938 μόνῳ
1115 882 1310 924 -πόλιω
1361 882 1485 924 1242.
1525 885 1607 926 θα-

235 949 306 988 νών
337 972 393 977 —
424 950 565 1008 νεκρός.
616 948 738 988 1690.
773 950 905 992 θανών
935 976 992 980 -
1024 950 1151 1011 πέδῳ.
1186 961 1226 994 61
1257 961 1520 1010 postremum
1553 957 1606 997 de

236 1019 399 1059 multis:
434 1019 559 1060 1140.
587 1018 753 1077 βαθρῶν
774 1046 831 1050 —-—
853 1020 940 1076 βίᾳ.
978 1022 1210 1079 Complura
1238 1040 1369 1081 porro
1395 1027 1498 1067 mihi
1527 1028 1607 1068 ol)-

236 1104 418 1131 servasse
455 1091 621 1140 videor,
668 1106 856 1146 quorum
881 1095 925 1134 in
950 1096 1075 1136 variis
1104 1097 1360 1137 lectionibus
1386 1099 1503 1139 nulla
1534 1114 1606 1140 ve-

235 1162 356 1217 stigia
389 1169 638 1218 supersunt:
674 1165 804 1205 veluti
834 1165 878 1205 in
912 1167 1067 1223 Ipln'g.
1091 1167 1195 1208 Aecl.
1227 1169 1326 1210 707.
1357 1170 1545 1219 ὁΠη).εὺς
1569 1170 1605 1212 δ’

236 1235 326 1289 ἔσχε
360 1234 516 1292 Νηρέως
547 1236 686 1293 κόρην,
731 1235 804 1275 ubi
844 1238 1019 1292 requiro
1061 1238 1176 1281 Θέτιν
1213 1253 1293 1295 pro
1324 1243 1450 1301 κόρην.
1498 1243 1606 1283 Nam

238 1312 310 1344 aut
342 1307 478 1346 omnis
510 1305 581 1345 1110
624 1320 760 1346 sermo
797 1306 1161 1362 Agamemnonem
1200 1311 1309 1351 inter
1351 1320 1391 1353 et
1435 1313 1604 1368 Clytae-

234 1383 463 1416 mnestram
501 1376 646 1432 inepta
685 1377 964 1420 dissimulatio
996 1388 1082 1430 est,
1125 1389 1198 1422 aut
1227 1382 1407 1439 fingitur
1436 1384 1605 1440 Regina

234 1461 378 1488 revera
419 1448 536 1488 illam
575 1449 870 1505 genealogiam
910 1451 1125 1507 ignorans.
1171 1454 1289 1494 Haeo
1323 1461 1465 1496 autem
1496 1471 1607 1511 quo-

233 1518 364 1558 modo
398 1518 554 1559 deinde
593 1534 652 1561 vs.
683 1520 780 1562 714.
816 1535 968 1578 rogare
1002 1530 1164 1579 potest:
1212 1525 1326 1574 Θέτις
1357 1526 1396 1567 δ’
1418 1528 1605 1586 ἔθρεψεν,-

234 1591 311 1630 nisi
347 1597 444 1631 ante
475 1591 663 1632 Achilles
703 1592 892 1634 Thetidis
923 1609 1080 1636 nomen
1122 1602 1518 1641 commemoraverit
1555 1615 1605 1641 ex

234 1662 518 1718 quingaginta
550 1662 675 1703 Nerei
705 1663 910 1705 filiabus?
949 1667 1206 1708 Prudentius
1237 1669 1400 1711 Teucer
1429 1671 1473 1711 in
1504 1672 1603 1714 ΗΘΖ.

239 1731 334 1772 134.
362 1740 508 1789 rogat:
539 1733 683 1781 Λήδαν
703 1734 865 1792 &effa-3,-
899 1752 1034 1792 quum
1057 1740 1217 1780 Helena
1239 1741 1408 1782 dixisset
1435 1742 1604 1793 Θεστιὰς

234 1803 272 1845 δ’
295 1807 396 1848 ἔστιν
426 1808 534 1867 κόρη.
578 1807 755 1848 Orestis
779 1809 925 1850 locum
950 1811 1066 1866 tetigi
1092 1825 1223 1867 supra
1250 1813 1304 1853 ad
1332 1828 1390 1854 vs.
1410 1813 1510 1854 459.
1542 1816 1601 1855 De

235 1877 411 1933 reliquis
440 1879 543 1919 alias
574 1879 730 1920 dicam.
768 1880 854 1921 Sed
880 1882 1089 1936 premitur
1119 1885 1367 1925 coniectura
1399 1887 1527 1944 τέρενα
1552 1913 1604 1917 -

234 1950 338 2007 χρόα
378 1950 422 1989 111
465 1949 736 1991 Phoenissis
771 1951 921 1992 eadem
965 1953 1220 1995 difficultate
1268 1970 1355 2010 qua
1395 1958 1603 1999 Herman-

234 2021 388 2060 niana:
422 2021 640 2075 lapideum
667 2023 779 2062 enim
806 2030 978 2078 oportet
1009 2023 1234 2065 humerum
1264 2026 1476 2081 Polynieis
1503 2030 1605 2070 fuis-

236 2104 300 2139 se,
341 2091 384 2131 in
415 2081 511 2146 quo¹
534 2092 802 2147 frangeretur
832 2094 976 2149 cuspis
1003 2094 1172 2144 hastae,
1216 2096 1349 2152 idque
1388 2100 1475 2140 sine
1508 2101 1602 2141 vul-

234 2175 358 2201 nere:
390 2176 490 2202 nam
521 2163 553 2202 si
584 2164 725 2218 cuspis
753 2164 798 2204 in
828 2164 1006 2205 humero
1037 2166 1250 2221 Polynieis
1276 2159 1412 2210 haesit
1447 2178 1487 2212 et
1516 2172 1603 2212 fra-

237 2239 305 2273 cta
352 2239 437 2281 est,
493 2247 581 2273 non
626 2235 767 2289 potuit
806 2234 877 2275 hic
929 2236 1084 2276 deinde
1123 2238 1244 2280 laevo
1284 2239 1464 2281 brachio
1512 2244 1603 2299 cly-

235 2317 366 2359 peum
393 2303 561 2345 vibrare
584 2311 623 2344 et
651 2305 692 2345 vi
717 2305 956 2362 impellere,
989 2308 1109 2362 quod
1136 2315 1277 2350 tamen
1301 2325 1359 2351 vs.
1391 2312 1514 2354 1410.
1541 2315 1602 2355 fe-

238 2375 340 2415 eisse
373 2382 594 2415 narratur:
629 2376 777 2431 itaque
806 2391 893 2417 non
924 2387 1152 2434 acceperat
1178 2382 1344 2422 vulnus.
1369 2408 1428 2414 —
1454 2385 1603 2437 Quan-

236 2453 279 2486 to
311 2446 466 2486 rectius
506 2447 575 2486 ille
621 2448 730 2501 »qui
764 2448 824 2487 nil
860 2449 1035 2489 molitur
1064 2451 1244 2507 inepte''
1290 2453 1432 2494 hastas
1464 2457 1603 2513 frangi

237 2517 337 2558 feeit
378 2532 581 2573 percusso
622 2510 775 2574 clypeo
806 2520 871 2560 vel
902 2520 1101 2562 thorace:
1143 2524 1273 2564 veluti
1305 2526 1448 2567 Iliad.
1480 2529 1600 2569 Χ1ΙΙ.

241 2587 334 2628 162.
368 2595 408 2628 61
437 2590 562 2630 alias:
611 2597 780 2630 tenuem
817 2591 1014 2646 sagittam
1055 2607 1257 2649 percusso
1298 2596 1479 2648 femore,
1523 2600 1598 2640 XI.

234 2658 335 2699 583.
367 2660 538 2701 Humeri
581 2669 724 2702 autern
754 2664 1066 2718 pugnantium,
1110 2666 1187 2706 nisi
1222 2667 1371 2718 fallor,
1410 2676 1604 2726 tempore

237 2731 463 2772 Homerico
505 2732 613 2774 bene
653 2734 803 2775 muniti
843 2748 930 2775 non
973 2743 1114 2787 erant,
1161 2739 1238 2780 nisi
1280 2740 1458 2796 clypeo:
1504 2757 1602 2783 nam
