2020 3326
585 207 1151 252 COMMENTARIUS.
1503 204 1561 246 95

181 350 424 392 Artabanus
452 348 571 405 apud
594 347 751 388 Herod.
776 346 874 389 VII.
900 344 966 385 10.
994 345 1086 404 ὁρᾷς
1118 344 1169 386 τὰ
1202 342 1440 403 ὑπερέχοντα
1475 344 1562 399 ζῷα

184 423 236 471 ὡς
268 421 490 483 κεραυυοῖὁ
523 421 642 474 3563,-
687 424 727 458 et
758 418 889 457 Pecta
930 417 1110 457 voluisse
1150 415 1320 457 videtur
1356 421 1402 454 ut
1441 414 1562 468 virgo

190 509 341 551 preces
373 493 571 534 funderet
602 503 716 546 quae
751 502 897 529 revera
928 488 1206 528 exauditurus
1238 492 1342 526 esset
1373 484 1560 540 Iupiter,

184 580 242 608 VS.
274 564 397 606 1180.
429 579 526 619 sqq.
572 561 693 617 quod
726 559 903 600 consilio
933 559 991 598 sic
1034 558 1259 598 instituisse
1290 555 1561 612 Euripidem,

186 636 349 677 attendi
386 636 524 676 velim.
579 633 659 672 Pro
697 630 976 689 μεγαλανορίαν
1015 629 1353 672 Valckenaerius
1391 626 1564 684 μεγαλη-

187 708 316 768 γορίαν
342 708 549 761 scriptum
571 704 697 744 fuisse
720 702 927 758 putabat,
958 714 1039 741 nec
1057 707 1222 749 tamen,
1249 700 1385 739 multa
1414 699 1565 739 admo-

187 787 231 820 ta
261 779 482 826 doctrina,
514 776 616 817 vicit
648 782 695 815 ut
728 774 965 816 verosimile
995 773 1116 812 fieret
1148 771 1396 812 insolentius
1436 783 1567 812 voea-

187 852 340 892 bulum
374 849 426 890 ab
454 848 628 889 librario
658 860 740 902 pro
770 846 906 901 magis
929 845 1095 899 vulgari
1125 844 1312 898 positum
1343 855 1445 882 esse.
1483 841 1570 882 Sed

187 923 273 963 hoc
304 923 427 969 loco,
470 926 517 960 ut
548 919 592 959 in
629 917 802 958 Pindari
832 915 957 957 Nem.
984 916 1058 956 XI.
1088 914 1158 956 44.
1192 913 1451 973 μεγαλανορία
1481 926 1570 954 non

189 1001 249 1036 est
280 992 700 1049 magniloquentia,
744 988 817 1029 sed
857 1002 1068 1044 magnum
1107 988 1222 1042 quid
1248 986 1470 1041 faciendi
1498 987 1570 1025 m'-

194 1068 286 1106 mia
328 1063 504 1119 cupido.
579 1060 710 1113 Quod
754 1061 786 1100 si
828 1066 996 1100 tenetur
1021 1088 1033 1108 ,
1102 1058 1319 1098 adiectum
1371 1057 1571 1117 ὑπεράνωρ

191 1138 395 1194 pulcrum
438 1140 521 1182 est,
579 1146 663 1173 non
709 1145 810 1171 vero
853 1129 1209 1171 confundendum
1249 1143 1349 1169 cum
1392 1129 1572 1186 ἐὐπήχεις

194 1210 353 1268 χεῖρες,
406 1204 643 1263 καλλίχειρες
688 1202 851 1257 ὠλέναι,
914 1215 1029 1256 quae
1089 1200 1231 1240 attulit
1278 1201 1570 1241 Hermannus:

195 1295 297 1321 nam
326 1280 482 1319 Poetae
521 1277 588 1318 vel
622 1274 917 1321 audacissimi,
965 1271 1087 1327 quod
1124 1272 1283 1319 sciam,
1333 1285 1574 1327 numquam

196 1352 396 1393 dixerunt
433 1363 496 1389 cX.
527 1362 591 1403 gr.
629 1346 805 1402 ἐυπήχεις
847 1349 1010 1401 πήχεις,
1041 1343 1278 1402 καλλίχειρες
1311 1345 1463 1403 χεῖρες,
1508 1343 1575 1385 vel

195 1424 358 1465 similia.

257 1493 355 1537 187.
411 1491 470 1534 ὅδ’
506 1490 637 1547 ἐστίν,
669 1514 726 1521 —-
769 1488 808 1538 ὃς
842 1487 992 1531 δώσειν.
1038 1487 1194 1528 Deficit
1231 1486 1409 1528 verbum
1458 1485 1575 1526 unde

197 1566 387 1624 pendeat
425 1563 591 1619 dolio-siv,-
634 1561 757 1618 quod
793 1561 913 1602 haud
945 1560 1076 1601 dubie
1106 1559 1150 1599 in
1181 1572 1257 1599 suo
1289 1558 1442 1599 codice
1473 1556 1576 1613 legit

197 1637 533 1685 Grammaticus,
555 1635 676 1676 cuius
700 1633 785 1673 hoc
809 1633 1005 1674 scholion
1031 1638 1114 1672 est:
1148 1631 1190 1673 τὸ
1223 1629 1310 1681 ἑξῆς
1327 1645 1335 1653 ·
1372 1628 1430 1672 ὅδ’
1454 1628 1576 1685 ἐστὶν,

196 1710 235 1760 ὃς
268 1709 627 1766 ἐπαγγέλλεται-
649 1706 806 1748 ὃώσεινε
841 1718 930 1745 non
961 1704 1108 1744 aderat
1139 1704 1183 1743 in
1217 1703 1306 1743 eius
1349 1702 1427 1757 qui
1471 1701 1577 1741 scri-

197 1783 304 1840 psit:
337 1778 443 1830 οῧτος
476 1779 606 1835 ἐστὶν,
640 1777 679 1827 ὃς
711 1777 861 1821 ἀπειλεῖ
885 1775 1128 1825 δηλόνοτι
1159 1798 1218 1805 —-
1249 1773 1414 1829 δώσειν,
1456 1772 1581 1828 quod.

200 1854 498 1896 scribendum:
541 1851 580 1900 ’ὸς
619 1850 788 1907 (ἀπειλεῖ
815 1848 1004 1904 ὃηλόνοτι)
1029 1872 1088 1879 --
1120 1848 1271 1889 δώσειν.
1324 1845 1581 1886 Matthiaeus

199 1933 297 1982 post
331 1926 571 1970 Μυκήναισιν
613 1922 799 1964 coniecit
829 1921 1033 1962 excidisse
1063 1922 1218 1976 εὔχεται
1229 1953 1246 1973 ,
1289 1916 1580 1973 probavitque

202 1998 290 2038 hoc
331 1997 482 2036 merito
523 1996 804 2035 Hermannus.
860 1993 943 2043 Qui
985 2006 1027 2032 se
1068 1996 1279 2032 torserunt
1312 1989 1356 2028 in
1393 1988 1466 2027 illo
1502 1986 1578 2027 de-

205 2069 323 2109 fectu
347 2066 629 2122 explicando,
665 2065 743 2105 hos
772 2063 1021 2119 praestabat
1050 2077 1185 2103 unum
1216 2061 1305 2101 eius
1336 2058 1581 2114 exemplum

207 2140 380 2187 afferre,
417 2145 458 2178 et
489 2143 672 2177 metrum
703 2134 919 2190 expedire.

269 2209 349 2251 198
370 2224 436 2265 sq.
460 2208 574 2265 ὄχλος
607 2209 716 2267 γάρ,
750 2206 801 2254 ὡς
832 2205 1035 2266 ταραγμὸς
1067 2203 1238 2252 εἶςῆλθεν
1269 2203 1403 2257 πόλιν,

462 2282 587 2339 χωρεῖ
612 2283 799 2335 γυναικῶν
831 2277 912 2320 κτὲ.

208 2354 359 2395 Nescio
406 2351 629 2407 quomodo
682 2350 790 2390 haec
832 2347 1004 2389 tulerint
1050 2347 1304 2402 interpretes
1358 2345 1434 2399 qui
1474 2343 1580 2384 nihil

205 2426 295 2469 vitii
326 2423 530 2479 suspiciti
567 2428 679 2463 sunt.
730 2420 881 2461 Laudo
926 2418 1103 2474 quidem
1133 2418 1424 2458 Hermannum
1461 2414 1584 2470 quod

207 2495 509 2542 Valckenaerii
548 2494 764 2534 infelicem
806 2491 1100 2532 coniecturam
1144 2488 1336 2538 reticuit,
1385 2493 1426 2527 et
1471 2486 1583 2527 Bur-

209 2569 310 2626 gesii
347 2567 559 2623 priorem,
609 2565 664 2606 ad
704 2564 862 2604 Troad.
897 2561 998 2604 705.
1040 2561 1326 2617 depromtam.
1383 2558 1584 2614 Plerique

205 2640 337 2683 verba
378 2639 429 2687 ὡς
471 2637 672 2697 ταραγμὸς
705 2635 874 2684 εἶςῆλθευ
907 2633 1013 2677 πόλιν
1049 2633 1108 2673 sic
1150 2633 1237 2672 fere
1277 2629 1499 2685 accipiunt
1537 2635 1585 2669 ut

210 2711 470 2767 significent:
500 2724 636 2767 quum
668 2707 888 2749 tumultus
918 2705 1102 2747 bellicus
1128 2705 1178 2744 z'n
1205 2701 1355 2743 urbem
1379 2702 1585 2757 ingruis-
