2020 3326
426 235 506 277 160
821 224 1379 273 COMMENTARIUS.

423 371 548 412 sertio
577 376 616 409 et
636 365 854 422 faciendi
878 364 1183 404 necessitatis.
1211 361 1365 415 Itaque
1390 361 1421 400 si
1450 361 1654 401 retinetur
1679 361 1781 401 scri-=

421 449 569 497 ptura,
600 452 733 494 quam
760 436 977 483 dedimus,
1009 448 1108 474 cum
1132 433 1376 472 Hermanno
1401 430 1499 473 ἐστίν
1525 432 1652 470 tacite
1681 445 1782 486 sup-

420 511 527 568 pleri
568 510 712 549 nolim.
776 506 861 546 Sed
895 505 1038 546 neseio
1078 519 1133 545 an
1169 504 1306 562 πέφυκε
1345 516 1433 543 non
1467 502 1622 542 habeat
1661 508 1784 556 pote-

421 588 569 622 statem
609 593 740 634 quam
771 578 807 617 ei
841 577 1098 632 Interpretes
1135 574 1352 615 tribuunt:
1395 588 1495 613 nam
1536 573 1643 628 quid
1680 572 1785 612 dicit

423 653 581 700 Creon,
621 652 705 692 sive
735 649 835 691 ἐστίν
866 648 1097 703 intelligas,
1141 647 1225 687 sive
1255 645 1386 687 εἷπονῖ)
1422 645 1644 685 nimirum:
1685 644 1788 683 clm·

422 723 544 779 quod
577 728 668 771 est,
714 721 760 762 id
795 727 881 769 est,
913 719 1015 759 dcxc·
1047 718 1170 774 quod
1201 718 1328 757 dc'xe':
1369 716 1505 756 multo
1535 713 1782 771 superbius!

423 796 568 836 Donec
602 792 927 833 confirmabitur
957 790 1181 846 exemplis,
1210 794 1310 849 ἅπερ
1340 788 1478 847 πέφυκε
1508 801 1628 843 posse
1658 787 1786 843 signi-

420 867 576 907 ficare:
618 879 734 920 quae
771 878 881 905 vera
919 867 1049 911 sunt,
1091 875 1208 916 quae
1228 859 1340 915 fato
1371 861 1642 906 constituta,
1684 857 1789 898 mihi

424 944 537 978 certe
573 936 807 991 corrigam:
852 940 951 993 ἅπερ
981 934 1129 992 πέφυκα
1167 932 1277 988 (scil.
1309 930 1473 989 λέγειν),
1515 934 1655 972 ταῦτα.
1694 930 1721 971 i.
1749 943 1785 970 e.

426 1027 441 1045 »
459 1009 575 1049 dicta
605 1021 699 1047 mea
717 1013 813 1048 sunt
840 1006 987 1061 qualia
1014 1005 1128 1045 soleo
1153 1003 1458 1059 praedicere,’'
1483 1015 1637 1056 nempe
1653 1015 1784 1050 vera,

425 1086 575 1134 utpote
605 1084 732 1119 vates.
766 1078 903 1132 Saepe
932 1075 1109 1132 quidem
1138 1088 1377 1130 pronomen
1407 1073 1686 1114 indicativum
1717 1085 1791 1112 eo-

426 1151 523 1191 dem
547 1150 676 1190 modo
702 1148 996 1204 postponitur,
1027 1154 1073 1187 ut
1094 1147 1205 1187 infra
1232 1145 1357 1186 1019.
1383 1149 1403 1186 5
1424 1161 1457 1187 τι
1479 1144 1631 1187 δύναιτό
1661 1160 1715 1192 τις
1736 1168 1792 1173 —

429 1222 573 1264 διέλθοι
605 1225 734 1263 τοῦτα
772 1221 918 1260 malim
949 1226 1092 1259 tamen
1125 1223 1226 1277 ἅπερ
1258 1218 1407 1276 πέφυκα
1440 1220 1598 1271 πάντα,
1641 1217 1792 1256 omnia

429 1308 547 1350 quae
578 1293 681 1332 dixe·
705 1306 814 1332 vera
844 1296 975 1331 sant.-
1009 1289 1131 1329 nz'lzz’l
1161 1291 1375 1329 mentitus
1401 1303 1526 1337 seem,
1559 1293 1689 1342 teque
1713 1285 1793 1339 fa-

431 1379 528 1405 cere
559 1368 746 1419 oportet.
782 1362 902 1401 Idem
933 1374 993 1401 vs.
1020 1359 1121 1400 924.
1153 1359 1348 1402 ἀπόλωλεν
1381 1358 1577 1405 ἁλήθει’
1591 1394 1606 1413 ,
1638 1356 1715 1401 ἐπεὶ
1746 1356 1793 1399 σὺ

431 1436 666 1491 &vo-ruffi&
710 1433 810 1473 coll.
841 1432 941 1472 961.
974 1431 1150 1471 Tiresias
1182 1431 1227 1471 id
1264 1431 1367 1471 dicit
1407 1431 1528 1486 quod
1562 1430 1793 1485 Neoptole-

429 1522 523 1548 mus
553 1505 671 1561 apud
704 1504 964 1560 Sophoclem
998 1502 1122 1543 Phil.
1150 1501 1222 1542 88.
1255 1504 1340 1562 ἔφυν
1371 1503 1450 1562 γὰρ
1471 1501 1578 1543 οὐδὲν
1599 1500 1640 1542 ἐκ
1663 1502 1795 1557 τέχνης

431 1582 617 1640 πράσσειν
658 1582 795 1624 κακῆς.
833 1575 889 1615 cf.
937 1573 1044 1615 Oed.
1081 1573 1123 1613 T.
1154 1572 1255 1613 435.
1302 1573 1396 1614 Non
1430 1573 1696 1613 reticendum
1734 1579 1794 1612 est

432 1651 553 1706 quod
584 1648 992 1694 Winckelmamus,
1033 1645 1076 1685 in
1112 1644 1226 1684 Diar.
1253 1644 1403 1699 Antiq.
1439 1643 1561 1685 1840.
1594 1659 1638 1698 p.
1671 1643 1792 1684 1283.

431 1723 605 1763 omnino
645 1718 947 1775 corrigendum
986 1730 1072 1757 esse
1116 1716 1360 1764 contendit,
1411 1720 1509 1775 ἅπερ
1549 1716 1699 1774 πέφηνε.
1745 1715 1796 1755 In

434 1794 614 1836 eandem
639 1791 931 1831 coniecturam
962 1787 1127 1828 dudum
1152 1786 1362 1826 inciderat
1387 1785 1620 1841 Camperus
1641 1787 1696 1826 ad
1722 1786 1795 1826 El.

434 1864 533 1908 574.
570 1862 836 1919 Significatio
858 1859 975 1900 verbi
997 1858 1189 1918 φαίνεσθαι
1202 1892 1218 1913 ,
1230 1856 1342 1912 fato
1363 1860 1654 1898 constitutam
1676 1871 1793 1905 esse,

433 1951 512 1977 usu
550 1933 831 1989 comprobata
861 1945 949 1972 non
979 1938 1061 1971 est:
1106 1943 1187 1970 nec
1227 1929 1284 1969 sic
1315 1930 1502 1984 positum
1540 1934 1637 1988 ἅπερ
1667 1930 1800 1988 πέφηνε

435 2013 519 2048 est:
564 2019 680 2062 quae
721 2003 834 2044 milei
866 2016 976 2043 vera
1012 2000 1250 2042 videntur.-
1291 2000 1413 2040 tertia
1446 2014 1560 2055 quae
1589 2001 1639 2040 sit
1668 2001 1798 2040 inter-

431 2078 617 2134 pretatio
646 2077 811 2132 ignoro.

494 2149 593 2192 927.
647 2144 679 2189 ὦ
710 2148 799 2206 πρός
841 2162 882 2187 σε
914 2147 1084 2202 γονάτων
1117 2143 1181 2184 καὶ
1213 2143 1422 2203 γερασμίου
1454 2144 1595 2202 τριχός.
1652 2143 1799 2185 Variat

434 2221 561 2261 lectio
610 2218 872 2273 transpositis
925 2217 1055 2276 τριχὸς
1098 2216 1336 2276 γερασμίου,
1389 2221 1429 2255 et
1472 2214 1555 2255 hoc
1600 2214 1801 2269 praetulit

436 2290 773 2335 Valckenaerius
804 2288 859 2329 ob
893 2302 1057 2328 sonum.
1093 2288 1360 2328 Hermannus
1379 2286 1464 2326 hoc
1494 2291 1802 2326 commentatus

437 2370 516 2403 est:
553 2361 801 2402 »Elmsleius
830 2360 983 2400 harum
1013 2373 1154 2399 rerum
1183 2372 1269 2399 non
1296 2364 1456 2399 certam
1486 2357 1691 2396 rationem
1717 2368 1801 2394 esse

435 2433 635 2489 putabat,
668 2432 723 2473 ad
752 2431 869 2472 Med.
891 2429 1012 2470 1118.
1047 2430 1143 2470 Non
1170 2443 1291 2470 aures
1319 2427 1601 2469 consulendas
1629 2432 1701 2465 aut
1728 2439 1799 2466 ca-

436 2506 498 2544 sui
525 2518 614 2544 rem
643 2501 974 2559 permittendam
1000 2514 1109 2549 esse,
1140 2500 1196 2541 ad
1224 2500 1407 2541 eundem
1430 2511 1595 2539 versum
1623 2496 1802 2536 Medeae

437 2575 625 2614 monui.’'
664 2573 750 2614 Ibi:
788 2573 925 2628 »δόμοι
957 2572 1169 2631 τυραννικοί
1196 2570 1372 2626 (inquit)
1404 2570 1462 2609 ita
1493 2568 1718 2615 dicuntur,
1755 2573 1800 2606 ut

439 2645 688 2700 primarium
716 2645 767 2684 Sit
798 2645 971 2692 domus,
1006 2657 1120 2698 quae
1152 2641 1306 2682 deinde
1338 2639 1518 2695 amplius
1548 2637 1802 2677 describitur

439 2714 585 2755 addito
629 2714 855 2756 adieetivo.
910 2712 1128 2773 Τυραννικοὶ
1160 2712 1269 2768 δόμοι
1308 2717 1449 2752 autem
1489 2723 1587 2749 cum
1628 2708 1801 2764 opposi-
