2020 3326
380 235 435 275 96
789 225 1347 268 COMMENTARIUS.

382 374 472 409 set.-
522 365 735 406 Klotzius:
792 364 1012 417 strepitus
1057 361 1276 400 militaris
1325 360 1745 414 appropinquantis

383 439 655 494 Argivorum
681 435 929 481 exercitas,
965 445 1234 486 quamquam
1264 430 1463 484 strepitus
1495 431 1746 484 appropin-

383 522 531 563 quans
572 506 658 546 dici
689 504 840 558 nequit
871 502 1021 542 urbem
1051 502 1246 558 ingredi.
1296 500 1555 540 Liberiorem
1595 499 1748 539 dictio-

380 579 444 618 nis
468 578 669 625 formam,
704 589 836 631 quam
859 573 1145 614 addubitabat
1158 572 1516 620 Valckenaerius,
1544 584 1629 611 non
1656 583 1749 610 mo-

382 663 476 698 ror,
516 649 616 688 licet
651 647 894 688 accuratius
925 646 1011 686 dici
1037 646 1259 700 potuisset:
1300 644 1351 691 ὡς
1384 642 1555 702 τάραγμ]
1588 641 1750 690 ἐκίνησεν

385 720 510 763 wiltu:
555 720 613 760 cf.
649 719 808 774 Suppl.
843 718 944 759 752.
997 716 1080 757 Sed
1120 730 1318 771 praesens
1358 717 1505 775 χωρεῖ,
1547 720 1594 754 ut
1632 727 1749 754 nunc

382 791 569 846 positum
601 796 660 830 est
690 796 786 845 post
814 788 1011 843 εἷςῆλὲῐεν,
1052 787 1165 828 idem
1193 794 1253 827 est
1283 787 1403 842 quod
1432 786 1567 845 ἐχώρει
1577 821 1594 841 ,
1634 799 1752 826 more

385 861 641 916 Euripideo:
686 860 800 900 unde
839 860 956 900 dicat
1000 859 1301 914 Paedagogus:
1330 873 1477 916 'quum
1515 858 1674 899 bellum
1703 860 1753 897 in

384 935 535 974 urbem
567 933 686 972 hanc
711 933 985 987 ingruisset,
1024 929 1297 970 adventabat
1327 929 1565 969 multitudo
1596 929 1753 968 mulie-

386 1020 499 1045 rum.
538 1003 685 1055 Quid?
717 1002 953 1043 somniatne
980 1001 1283 1056 Paedagogus,
1321 1014 1376 1040 an
1408 1000 1551 1040 dicere
1581 999 1749 1047 debuit,

388 1090 459 1117 eas
487 1076 684 1116 mulieres
714 1087 832 1114 nunc
864 1074 1005 1129 ipsum
1041 1071 1268 1113 advenire?
1309 1071 1443 1111 Multo
1469 1071 1619 1111 melius
1656 1071 1755 1110 ferri

388 1153 552 1203 posset:
583 1148 796 1202 quoniam
820 1145 926 1185 urbs
951 1144 1135 1184 turbata
1161 1148 1250 1193 est,
1275 1143 1638 1199 progrediuntur
1660 1157 1756 1182 mu-

389 1219 524 1258 lieres
552 1217 615 1258 acl
636 1217 768 1257 aedes
807 1218 974 1271 regias.
1022 1215 1107 1255 Sed
1146 1228 1232 1255 non
1263 1220 1444 1270 apparet
1476 1228 1553 1254 cur
1581 1219 1758 1268 propter

390 1289 505 1329 illam
536 1288 864 1343 trepidationem
893 1300 943 1327 eo
971 1287 1160 1327 veniant:
1193 1286 1299 1326 nihil
1328 1285 1491 1326 consilii
1516 1285 1560 1325 in
1587 1284 1758 1325 cantico

394 1360 614 1414 aperiunt,
659 1365 699 1398 et
731 1361 855 1417 χωρεῖ
882 1356 998 1398 nihil·
1028 1358 1196 1396 terroris
1230 1357 1464 1412 significat:
1508 1356 1661 1404 imm0‚
1710 1361 1758 1395 ut

392 1445 472 1485 par
511 1436 623 1479 erat,
672 1430 819 1469 sedato
860 1430 1024 1468 incessu
1060 1428 1104 1467 in
1139 1441 1310 1467 scenam
1347 1427 1504 1467 chorus
1544 1426 1757 1482 procedit.

392 1501 479 1541 Nisi
507 1500 779 1541 vehementer
811 1499 957 1547 fallor,
1002 1498 1173 1553 vulgata
1205 1498 1331 1537 lectio
1361 1498 1523 1537 nullam
1547 1498 1759 1552 interpre-

396 1573 600 1612 tationem
640 1576 849 1625 praestat,
895 1575 1065 1624 praeter
1093 1568 1228 1609 hanc:
1273 1571 1391 1608 sicut
1421 1570 1641 1623 strepitus
1673 1568 1760 1608 bel-

399 1643 513 1682 licus
550 1642 699 1681 urbem
736 1643 973 1696 ingressus
1010 1645 1100 1689 est,
1148 1642 1216 1679 ita
1255 1640 1388 1679 turba
1426 1639 1663 1679 mulierum
1700 1639 1763 1679 acl

396 1715 570 1769 regiam
602 1712 830 1767 procedit:
882 1724 1017 1766 quae,
1070 1711 1346 1766 quantumvis
1388 1710 1563 1750 meliora
1596 1710 1761 1765 vulgari

396 1783 776 1838 interpretatione,
805 1782 1022 1830 nondum,
1062 1788 1108 1821 ut
1138 1788 1272 1836 puto,
1311 1781 1569 1821 satisfacient
1603 1781 1763 1820 intelli-

397 1854 612 1911 gentibus3
635 1867 716 1894 nec
743 1854 875 1909 magis
892 1882 903 1902 ‚
932 1853 1053 1908 quod
1076 1853 1300 1893 Reiskium
1328 1851 1763 1907 coniecisse'margini

399 1926 594 1966 editionis
652 1938 752 1964 suae
804 1924 1023 1965 adnotavit
1076 1923 1412 1966 Valckenaerius
1431 1955 1440 1973 ,
1499 1923 1550 1971 ὡς
1588 1922 1764 1982 κεραυνὸς

396 1997 580 2040 εἰσελθὼν
612 1996 733 2039 πόλιν.
777 1994 903 2035 Certo
929 2009 1017 2034 uon
1046 1994 1131 2034 hoc
1160 1994 1326 2049 scripsit
1349 1993 1487 2034 bonus
1513 1994 1760 2049 Euripides,

400 2069 674 2123 quantumvis
718 2067 945 2106 mulierum
989 2067 1251 2121 exagitator,
1298 2079 1472 2115 verum,
1523 2071 1570 2105 ut
1610 2079 1761 2121 spero,

398 2140 511 2195 ὄχλος
543 2140 620 2199 γὰρ
633 2174 649 2194 ,
681 2138 729 2187 ὃς
774 2137 972 2197 ταραγμὸς
1005 2137 1174 2185 εἶς-ἦλθεν
1205 2136 1329 2179 πόλεις
1373 2150 1506 2191 quam
1535 2136 1766 2176 correctio-

401 2225 498 2251 nem
532 2225 670 2251 meam
702 2210 881 2265 protulit
913 2208 1146 2264 Camperus
1186 2208 1241 2249 ad
1281 2208 1353 2248 El.
1382 2207 1480 2247 365.
1521 2207 1641 2247 cuius
1671 2206 1768 2246 libri

399 2283 667 2321 Hermannus
710 2280 945 2335 aliquando
992 2280 1202 2320 iudicium
1239 2279 1403 2327 ferens,
1456 2283 1623 2318 tantum
1662 2277 1767 2316 dixit

401 2353 729 2393 »infelicissimis
768 2351 1027 2392 coniecturis
1059 2352 1235 2406 plenum
1272 2350 1401 2390 esse.'’
1454 2348 1593 2389 Credo
1628 2348 1767 2388 mitius

401 2430 441 2463 et
474 2424 652 2478 aequius
692 2424 789 2463 ferri
830 2423 1032 2478 potuisse.
1082 2422 1337 2477 Indignatur
1374 2426 1516 2461 autem
1547 2418 1767 2474 Paedago-

403 2508 478 2549 gus
521 2495 689 2535 turbam
720 2495 842 2534 istam
872 2494 1125 2542 mulierum,
1166 2507 1279 2547 quae
1316 2493 1360 2532 in
1390 2490 1539 2531 urbem
1582 2489 1768 2544 ingressa

404 2570 509 2604 ante
540 2566 720 2613 bellum,
748 2563 784 2604 ei
808 2565 1137 2620 trepidationem
1158 2564 1384 2611 intulisset,
1413 2572 1530 2601 nunc
1556 2559 1611 2599 ad
1633 2559 1769 2614 regias

405 2635 529 2674 aedes
560 2636 778 2690 progredi.
824 2637 940 2676 Haec
970 2635 1204 2676 concinunt
1237 2648 1336 2674 cum
1365 2630 1556 2673 versibus
1582 2636 1769 2685 quatuor

405 2705 699 2759 sequentibus:
733 2720 846 2762 quae
878 2707 1019 2747 omnia
1048 2706 1155 2746 adeo
1187 2717 1350 2745 morose
1377 2715 1428 2744 ac
1454 2715 1541 2742 non
1568 2701 1775 2747 decenter,
