2020 3326
622 209 1183 253 COMMENTARIUS.
1545 212 1601 255 79

221 340 287 401 φὸς
319 341 460 400 μητρὸς
493 340 535 383 ἐκ
557 348 649 397 μιᾶς
673 339 783 398 ἐμοί,
811 341 876 383 vel
899 343 1046 398 γεγώςε
1082 355 1182 382 nam
1213 342 1382 384 dativus
1414 341 1502 400 ἐμοί
1516 356 1605 385 non

222 414 483 454 necessarius
523 419 610 463 est,
660 420 706 453 ut
749 413 829 453 fuit
871 414 980 454 infra
1024 429 1080 455 vs.
1121 413 1215 455 156.
1267 420 1338 458 ποῦ
1379 414 1417 457 δ’
1451 414 1491 465 ὃς
1524 415 1606 473 ἐμοὶ

221 492 314 542 μιοῖς
348 485 482 542 ἐγένετ’
519 485 561 527 ἐκ
594 486 769 544 ματρός,
802 491 843 525 et
874 486 1044 540 passim.
1102 485 1358 528 Communio
1396 502 1496 529 vero
1526 490 1606 530 ista

221 559 307 598 iam
346 558 564 598 indicatur
601 559 693 612 ipso
732 556 948 598 vocabulo
989 556 1184 618 ἀδελφός,
1220 561 1284 600 vel
1319 563 1502 617 ὅμαιμοςε
1543 561 1600 602 cf.

224 629 359 685 Soph.
394 629 550 686 Ante‘g.
579 629 678 669 513.
704 632 866 687 ὅμαιμος
897 628 941 670 ἐκ
973 637 1064 687 μιοῖς
1098 648 1137 674 τε
1169 631 1233 672 καὶ
1266 632 1408 675 ταύτοῦ
1439 635 1602 693 πατρός.

223 701 323 742 Sine
362 701 445 741 hac
488 701 736 741 conditione
778 702 1011 757 requiritur
1053 703 1248 745 dativus:
1299 705 1415 745 unde
1457 707 1606 747 vitiose

226 771 612 814 circumferebatur
642 786 787 814 versus
826 773 1084 829 Theognidis
1120 774 1219 816 300.
1265 775 1347 818 οὐδ’
1379 777 1424 823 ἢν
1455 777 1498 819 ἐκ
1530 795 1606 835 γα-

222 844 368 905 στρὸς,
409 845 534 904 Κύρνε
549 879 566 900 ,
609 851 701 901 μιᾶς
735 846 898 903 γεγόνῃ,
942 846 985 886 in
1021 846 1215 887 ordinem
1250 862 1369 889 nunc
1404 849 1607 891 redactus

228 924 398 973 reperta
431 917 615 958 lectione
646 915 752 957 Cod.
787 917 891 957 Mut.
925 916 1006 960 οὐδ’
1038 914 1069 976 ᾧ
1102 918 1136 960 κ’
1170 918 1213 960 ἐκ
1245 923 1415 980 γαστρός
1447 921 1608 964 κτὲ.--

226 988 495 1032 Vertendum
528 988 572 1028 in
605 988 902 1029 Phoenissis:
938 996 980 1031 et
1016 989 1162 1031 Creon
1199 990 1353 1047 (silius
1384 991 1611 1035 Menoeeez‘

224 1060 341 1116 est),
385 1062 468 1116 qui
493 1059 660 1114 frater
686 1075 808 1100 meus
840 1075 895 1101 ex
934 1077 1029 1102 una
1070 1067 1215 1103 matre
1248 1069 1331 1103 est.
1380 1064 1609 1106 Cori-ector

226 1132 382 1188 aliquis
424 1132 490 1173 vel
522 1131 671 1172 histrio
704 1132 898 1187 corrupit
929 1139 1193 1187 postremum
1224 1134 1510 1176 vocabulum:
1553 1137 1608 1177 si-

223 1204 311 1244 mili
346 1204 400 1244 de
435 1217 567 1244 causa
602 1203 764 1258 duplex
797 1204 927 1244 lectio
959 1204 1113 1244 insidet
1140 1205 1252 1245 infra
1281 1220 1341 1247 vs.
1370 1206 1472 1248 200.
1504 1208 1608 1268 φιλό-

224 1276 339 1333 ψογον
381 1276 460 1335 γὰρ
489 1281 627 1335 χρῆμα
658 1274 823 1322 θηλειῶν
853 1276 956 1332 γένος
988 1278 1054 1335 ἔφυ
1067 1311 1084 1331 ,
1127 1276 1200 1317 ubi
1229 1278 1296 1336 ἔφυ
1335 1284 1444 1319 stare
1484 1294 1609 1335 posse

226 1355 342 1389 recte
368 1348 546 1403 quidem
576 1347 800 1387 contendit
827 1347 1116 1399 Hermannus,
1150 1348 1222 1389 sed
1250 1350 1354 1405 γένος
1382 1351 1605 1406 praefero:

223 1420 280 1461 cf.
313 1426 406 1460 not.
439 1418 495 1459 ad
527 1432 586 1459 vs.
621 1417 745 1458 1402.

629 1488 656 1503 '5²

284 1491 338 1531 13
367 1504 434 1546 sq.
494 1489 574 1534 ἐπεὶ
619 1495 640 1531 ὸ
697 1493 817 1539 ἅπαις
859 1490 940 1533 τΗν
970 1493 1106 1550 χρόνια
1138 1491 1281 1551 λέκτρα
1312 1492 1395 1535 nze-3.
1448 1493 1609 1533 Sustuli

224 1562 308 1603 coli
349 1562 545 1618 signum,
594 1562 717 1617 quod
759 1563 904 1604 nescio
951 1578 1030 1604 cur
1076 1564 1305 1619 impediret
1352 1563 1607 1605 sententiam

221 1641 319 1691 post
355 1631 420 1680 Zia:
464 1634 634 1675 Iocasta
671 1634 797 1676 dicit:
849 1650 987 1691 quum
1026 1636 1106 1676 diu
1144 1636 1303 1677 sterile
1346 1638 1608 1693 coniugium

225 1707 422 1748 liaberet.

286 1777 352 1819 16.
414 1776 566 1821 παίδων
586 1802 643 1809 —-
665 1778 834 1837 ἀρσένων
865 1778 1070 1821 κοινωνίαν.
1116 1779 1234 1820 Haec
1256 1779 1366 1820 bene
1392 1781 1606 1836 interpre-

226 1855 339 1890 tatus
382 1856 443 1890 est
488 1850 723 1900 Porsonus‚
777 1864 857 1890 nec
904 1851 1002 1891 satis
1046 1851 1334 1893 consideravit
1374 1852 1598 1901 Klotzius‚

225 1921 361 1962 multa
393 1921 659 1977 obloquens,
706 1922 815 1977 quid
844 1923 927 1964 sint
964 1924 1069 1965 κοινοὶ
1102 1925 1216 1965 τέκνα
1249 1931 1289 1964 et
1323 1924 1440 1966 κοινὸν
1472 1925 1604 1980 γένος,

228 2007 345 2048 quae
396 2006 485 2033 non
535 1994 663 2033 semel
715 2008 739 2034 a
784 1994 997 2035 veteribus
1045 2002 1462 2045 commemorantur,
1522 2009 1605 2036 nec

224 2077 358 2120 quam
384 2064 533 2104 affines
564 2064 799 2106 liberorum
836 2067 1083 2107 communio
1115 2067 1299 2123 ipsaque
1336 2067 1604 2107 consuetudo

225 2142 478 2192 parentum,
522 2136 639 2176 unde
680 2138 761 2177 orti
795 2144 915 2187 sunt3
962 2137 1037 2178 sed
1078 2139 1274 2179 nondum
1315 2140 1488 2194 repperi
1528 2139 1607 2194 qui

227 2208 381 2248 dixerit
424 2208 593 2249 κοινωνία
605 2242 623 2263 ,
674 2208 701 2248 i.
745 2222 781 2248 e.
831 2210 1011 2250 συνουσία
1055 2208 1206 2252 παίδων
1216 2245 1234 2265 ,
1286 2223 1367 2264 pro
1411 2210 1605 2266 ipsorum

221 2281 561 2336 procreatione.

285 2351 476 2392 21—25.
515 2351 633 2391 Haec
660 2365 797 2406 quum
822 2351 966 2391 multis
995 2351 1133 2392 modis
1159 2351 1313 2393 variari
1343 2352 1599 2407 potuissent,

225 2430 368 2464 tamen
407 2436 487 2478 per
519 2422 794 2463 librariorum
824 2422 1023 2463 fraudem
1054 2422 1244 2463 creditur
1274 2422 1504 2464 verborum
1536 2424 1603 2464 di-

226 2494 408 2535 tissimus
434 2493 566 2534 Poeta
592 2493 824 2549 scripsisse:
858 2495 1092 2553 ἔσπειρεν
1123 2493 1252 2537 παῖδα
1284 2494 1349 2536 καὶ
1382 2496 1602 2555 σπείρας

227 2565 412 2626 βρέφος
443 2590 501 2595 —
543 2564 703 2608 δίδωσιν
753 2565 922 2608 ἐκθεῖναι
966 2565 1167 2626 βρέφος.
1243 2567 1415 2607 Dixerat
1460 2574 1603 2609 autem

228 2639 363 2679 Deus:
407 2640 459 2695 μὴ
493 2641 621 2697 σπεῖρε
654 2639 789 2681 τέκνων
821 2638 945 2680 ἄλοκα
978 2664 1036 2670 ——
1068 2640 1100 2681 εἰ
1128 2640 1206 2699 γάρ
1239 2640 1433 2688 τεκνώσεις
1465 2639 1599 2682 παΐὸ“;

228 2711 255 2751 i.
274 2724 309 2750 e.
341 2725 396 2752 ne
423 2725 515 2751 rem
537 2710 648 2751 habe
673 2725 771 2751 cum
796 2725 959 2752 uxore:
982 2713 1026 2752 δι’
1047 2713 1166 2752 enim
1187 2715 1402 2768 genueris
1415 2711 1597 2768 filium,
