2020 3326
652 209 1216 252 COMMENTARIUS.
1547 211 1625 251 117

239 349 287 390 Ei
317 362 446 404 supra
487 362 544 390 vs.
577 348 671 391 137.
705 348 900 406 ὁμόγᾳμος
942 348 1083 389 dictus
1116 353 1174 388 est
1208 347 1421 403 Tydeus.''
1471 347 1621 400 Quid?

238 422 432 462 minusne
461 422 632 477 ineptus
662 435 806 462 versus
837 428 924 470 est,
963 421 993 461 si
1027 434 1107 476 pro
1139 419 1227 476 ἐμός
1259 419 1476 475 scripseris
1507 419 1622 477 ἐμοίῖ)

241 500 315 534 aut
342 507 427 534 non
457 493 649 549 intelligo
676 493 969 533 Hermannum
995 493 1037 532 111
1065 506 1109 532 16
1136 493 1235 532 satis
1263 492 1518 548 perspicua,
1550 498 1624 532 aut

239 580 403 621 poenas
429 565 549 605 dedit
576 565 779 606 indecore
803 564 1048 620 reprehensi
1073 564 1391 607 Valckenaerii.
1424 564 1622 620 Respon-

239 637 357 678 debit
398 637 573 677 fortasse
613 650 777 678 versum
809 643 960 692 aptum
1008 637 1129 686 fieri,
1176 636 1359 676 admissa
1406 636 1618 692 interpre-

239 711 400 750 tatione
436 709 638 750 vocabuli
678 710 909 766 σύγγαμος,
952 711 1034 765 qul
1075 708 1224 750 eodem
1267 709 1340 749 (lese
1382 722 1479 748 cum
1524 709 1619 749 αἰιό

239 783 429 837 nuptias
460 780 604 836 faee't.
657 781 741 821 Fac
776 796 919 823 veram
951 795 1061 821 esse:
1110 794 1275 836 opusne
1321 786 1410 820 erat
1453 779 1621 836 duplici

238 853 323 894 1106
348 852 568 893 connuhio
595 853 746 893 eodem
774 854 843 893 die
872 859 1121 901 contracto,
1154 859 1200 892 ut
1224 851 1432 892 Adrastus
1456 858 1622 892 utrum-

238 940 325 981 que
366 939 571 981 generum
615 925 812 966 iuvaret?
858 925 943 965 Sed
982 939 1081 966 vera
1124 938 1209 964 non
1244 930 1327 964 est:
1375 938 1457 964 1166
1486 924 1622 980 magis

236 998 506 1038 Hermanuus
548 1011 668 1037 suam
710 998 1108 1052 interpretationem
1140 996 1344 1051 exemplis
1374 996 1439 1037 vel
1472 997 1622 1036 analo-

237 1070 306 1125 gia
345 1069 570 1116 stabilivit,
617 1083 750 1123 quam
798 1068 1138 1111 Valckenaerius
1180 1067 1382 1123 probavit
1422 1068 1624 1125 σύγγαμος

236 1142 351 1181 idem
374 1155 459 1181 esse
478 1141 600 1196 quod
626 1140 895 1199 σύγγαμβρος.
933 1141 1068 1180 Immo
1095 1140 1294 1197 σύγγαμος
1318 1139 1405 1197 ἐμοί
1424 1141 1489 1181 vel
1516 1154 1621 1180 con-

236 1213 309 1253 iux
341 1213 394 1253 de
428 1214 611 1268 coniuge
641 1214 772 1262 dicit,
808 1214 872 1254 vel
903 1213 936 1253 is
967 1213 1043 1267 qui
1076 1226 1176 1252 cum
1209 1212 1293 1251 alio
1328 1225 1415 1251 una
1448 1211 1621 1252 eadem-

236 1299 323 1340 que
356 1298 488 1325 uxore
520 1285 679 1333 utitur,
716 1285 780 1324 vel
817 1285 1007 1339 denique
1039 1298 1087 1324 ea
1119 1297 1233 1338 quae
1269 1297 1369 1323 cum
1400 1283 1483 1323 alia
1514 1297 1621 1323 eun-

237 1356 335 1396 dem
366 1357 567 1396 maritum
593 1355 748 1407 habet3
778 1357 908 1412 quale
940 1355 1191 1411 coniugium
1223 1354 1390 1396 Chorus
1423 1354 1623 1396 Helenae

236 1427 425 1469 15465.
472 1428 756 1484 depreeatur,
802 1428 984 1468 laudans
1030 1429 1277 1476 ἀκοινώνητον
1310 1425 1450 1488 ἀνδρὸς
1481 1427 1623 1483 εὐνάν,

234 1499 356 1555 quod
404 1499 560 1550 affero,
609 1500 817 1555 quoniam
863 1507 960 1541 sunt
1007 1502 1085 1556 qui
1132 1501 1272 1540 minus
1318 1506 1434 1540 recte
1486 1499 1624 1555 expli-

238 1578 354 1612 cant.
397 1572 527 1624 Quod
558 1579 701 1613 autem
732 1573 1002 1613 Hermannus
1034 1587 1092 1615 vs.
1121 1573 1215 1615 137.
1249 1572 1443 1628 Tydeum
1473 1572 1622 1630 ὁμόγα-

235 1661 304 1700 μον
335 1644 530 1699 Polynici
577 1646 725 1686 vocari
769 1645 1019 1695 contendit,
1062 1645 1220 1685 excidit
1258 1644 1342 1685 1106
1388 1644 1621 1686 festinanti.

234 1717 432 1772 Denique
464 1716 612 1757 ambos
645 1716 731 1757 una
763 1717 909 1758 iuvare
936 1716 1143 1757 Adrastus
1175 1717 1245 1758 vix
1274 1723 1460 1772 poterat.
1497 1716 1622 1757 Prae-

233 1789 331 1829 tulit
368 1789 645 1844 Polynicem:
694 1790 787 1830 iure
828 1790 1052 1845 profecto:
1101 1789 1449 1845 significavitque
1489 1789 1621 1829 Poeta

232 1860 298 1900 his
330 1861 481 1916 paucis
511 1861 673 1910 verbis,
720 1862 935 1916 Polynicis
977 1875 1152 1901 causam
1185 1860 1368 1900 Adrasto
1400 1860 1621 1900 meliorem

231 1932 365 1972 visam
403 1946 488 1972 6556
530 1947 663 1987 quam
697 1933 844 1988 Tydei.
890 1933 951 1973 Ex
989 1933 1178 1972 taediosa
1215 1932 1337 1971 Statii
1368 1931 1616 1971 narratione

237 2003 363 2043 Theb.
397 2004 424 2042 l.
456 2003 490 2042 Ι.
528 2004 628 2043 111(16
662 2018 684 2044 a
718 2018 775 2045 vs.
807 2003 907 2044 306.
943 2005 1121 2059 colligas
1151 2003 1399 2057 Polynicen]
1430 2003 1617 2058 priorem

235 2075 443 2115 auxilium
484 2075 667 2129 petiisse.
715 2099 773 2105 —
814 2075 955 2114 Manet
992 2076 1148 2130 igitur,
1190 2088 1358 2115 versum
1393 2074 1618 2113 inficetum

235 2160 352 2195 esse,
409 2152 483 2186 aut
523 2146 858 2201 expungendum
904 2152 977 2186 aut
1015 2146 1229 2200 patienter
1274 2145 1500 2185 ferendum
1541 2152 1615 2186 aut

235 2217 563 2273 corrigendum,
610 2217 642 2256 51
681 2217 773 2256 fieri
814 2223 978 2272 potest:
1020 2216 1125 2256 nihil
1157 2217 1269 2256 enim
1306 2217 1527 2256 lucramur
1567 2231 1617 2257 60

236 2289 359 2345 quod
389 2289 586 2329 Klotzius
615 2289 805 2344 scripsit:
852 2288 1054 2329 »videtur
1084 2288 1291 2328 sententia
1322 2287 1438 2328 verbi
1470 2288 1618 2346 σύγγα-

233 2377 301 2417 μος
340 2367 488 2416 patere
526 2360 703 2409 latius‚'’
752 2360 829 2399 nisi
867 2359 1080 2399 discamus
1126 2373 1215 2414 quo
1258 2374 1393 2413 usque
1441 2367 1612 2415 pateat,

235 2439 276 2472 et
309 2446 398 2487 qua
432 2432 703 2471 auctoritate.
747 2431 966 2486 Repetitio
998 2430 1218 2470 nominum
1249 2430 1292 2470 in
1317 2429 1443 2472 Τυδεῖ
1471 2448 1511 2473 τε
1547 2433 1617 2473 κά-

236 2505 455 2561 μοιῬ111116
486 2503 719 2558 Euripiden
751 2510 829 2551 est,
864 2516 944 2543 nec
976 2502 1229 2556 suspicionis
1257 2503 1498 2558 quicquam
1530 2518 1619 2544 mo-

233 2583 325 2618 vet:
370 2576 545 2617 additur
585 2590 713 2616 causa
755 2576 924 2630 aliqua:
971 2575 1195 2614 cuiusnam
1232 2574 1324 2614 rei?
1371 2588 1450 2615 cur
1487 2575 1614 2616 ambo

237 2647 408 2708 γαμβροὶ
454 2650 534 2689 51111
573 2647 776 2689 Adrasti?
822 2646 906 2687 1106
952 2660 1041 2686 non
1080 2645 1285 2700 Euripide
1330 2652 1495 2687 tantum
1541 2648 1615 2688 sed

237 2722 544 2777 interpolatore
585 2721 808 2776 indignum
848 2725 920 2759 est.
969 2717 1069 2759 Mihi
1107 2708 1242 2758 multo
1273 2719 1417 2774 potius
1449 2719 1617 2761 videtur
