2020 3326
613 274 1181 320 COMMENTARIUS.
1510 272 1590 312 201

225 422 399 462 lierum:
444 420 590 474 itaque
637 417 772 457 multo
819 413 1064 470 languidior
1107 414 1156 453 sit
1201 411 1478 467 interrogatio
1522 422 1601 465 per

225 494 445 548 vulgatam
486 487 891 544 interpunctionem.
939 485 1161 525 Sedatiore
1198 484 1363 533 animo,
1407 481 1603 537 quamvis

226 566 397 621 lugenS‚
434 564 493 603 sie
522 563 784 615 interrogare
814 563 953 613 potest
982 571 1041 598 vs.
1073 555 1182 596 1359
1209 570 1275 611 sq.
1313 562 1353 595 et
1384 554 1598 608 Oedipus,

235 635 362 676 1558.

292 705 416 746 1341.
464 702 689 760 οἰχόμεσθ’·
738 702 805 743 οὐκ
839 701 1095 760 εὐπροσώποις
1125 700 1302 758 φροιμίοις
1335 699 1440 756 ἀρχὴ
1475 697 1601 753 λόγου.

231 779 522 818 Hermannus:
573 793 588 812 ι)
608 775 657 814 111
690 773 805 813 111)ι·13
835 779 947 812 totus
977 786 1121 813 versus
1152 770 1344 811 Creontis
1371 777 1444 810 est.
1481 769 1605 824 Οἶχό-

236 848 352 907 piso&
393 861 479 888 esse
519 845 666 886 nuncii
704 845 808 886 vidit
844 843 1208 891 Valckenaerius,
1254 842 1458 897 idemque
1499 844 1605 900 ἄρχῃ

234 919 509 962 scribendum
558 917 745 965 monuit,
801 915 922 970 quod
965 915 1008 954 in
1049 914 1148 954 edd.
1183 920 1283 954 vett.
1323 919 1363 953 et
1394 913 1609 967 plerisque

239 992 369 1034 codd.
403 992 509 1050 ἀρχή
535 988 786 1044 scriptum.''
832 988 891 1026 De
923 985 1125 1043 οἰχόμεσθ’
1156 986 1253 1026 satis
1284 985 1610 1040 disputaverunt

237 1063 491 1104 Mattliiaeus
522 1068 562 1101 et
588 1060 807 1103 Klotzius,
838 1072 927 1113 quo
959 1058 1077 1098 libris
1108 1056 1279 1112 scriptis
1309 1055 1611 1111 obtemperan-

237 1136 342 1175 dum
381 1134 602 1180 videatur,
651 1129 1017 1184 tribuendumque
1063 1128 1146 1168 hoc
1189 1127 1367 1168 verbum
1412 1125 1607 1174 Creonti,

237 1220 326 1247 non
352 1205 527 1245 111111οἰ0.
574 1203 633 1242 De
664 1202 771 1261 ἀρχή
804 1201 958 1240 erravit
986 1200 1202 1247 Klotzius‚
1231 1198 1443 1238 scribens:
1478 1211 1612 1237 »nam

240 1277 349 1333 quid
388 1275 589 1330 impedit,
636 1273 866 1328 quominus
908 1271 1027 1310 dicas
1067 1270 1112 1309 h.
1147 1270 1176 1308 l.
1219 1284 1309 1309 non
1334 1269 1615 1324 perpulcra

233 1349 472 1406 prooemia
503 1347 688 1386 initium
715 1344 941 1383 orationis
966 1340 1065 1381 esl?
1093 1339 1279 1395 Impedit
1303 1340 1523 1380 insolentia
1547 1340 1612 1379 di-

242 1421 393 1462 ctionis
420 1425 460 1458 et
488 1417 688 1471 ambigua
720 1414 953 1455 sententia:
987 1427 1088 1453 nam
1115 1418 1284 1468 poterat
1309 1411 1504 1450 Klotzius
1530 1410 1614 1450 hoe

243 1504 422 1548 quoque
449 1489 612 1529 dicere:
649 1488 910 1542 »prooemia
937 1500 1027 1525 non
1046 1484 1216 1540 pulcra
1243 1483 1406 1523 habent
1434 1485 1618 1522 z'ne'lc'ecm

241 1564 477 1605 sermome.
531 1561 650 1601 Raro
694 1564 891 1599 contorte
936 1557 1041 1597 dicit
1076 1555 1302 1611 Euripides
1342 1568 1456 1610 quae
1487 1555 1616 1609 plane

242 1635 463 1676 enunciari
494 1637 695 1689 possunt:
740 1636 780 1670 et
812 1630 938 1685 longe
971 1629 1182 1684 pleraque
1220 1641 1369 1667 eorum
1397 1640 1511 1681 quae
1536 1626 1615 1665 im-

242 1707 390 1764 pedite
444 1705 497 1745 ab
550 1718 600 1744 eo
652 1702 811 1757 scripta
854 1701 1077 1749 videntur,
1141 1699 1220 1739 alia
1274 1698 1400 1738 etiam
1447 1704 1618 1752 praeter

245 1780 330 1820 hoe
368 1777 528 1818 habent
566 1774 840 1829 corruptelae
877 1772 1057 1822 indicia3
1101 1770 1224 1826 quod
1251 1769 1399 1809 melius
1434 1768 1619 1808 sentiunt

245 1851 322 1906 qui
357 1864 456 1890 eum
495 1848 696 1887 diuturna
742 1845 925 1885 lectione
955 1848 1252 1891 versaverunt,
1297 1855 1429 1896 quam
1460 1839 1618 1894 quibus

244 1921 484 1962 studiorum
525 1918 649 1973 quasi
688 1915 970 1970 intercapedo
1018 1921 1101 1964 est,
1155 1920 1194 1953 et
1237 1912 1540 1953 tumultuariae
1583 1910 1620 1952 ἐν

247 1994 427 2052 παρέργῳ
471 1996 689 2045 arreptum
732 1986 1101 2027 commentationis
1134 1990 1444 2039 argumentum.
1499 1983 1620 2024 Reti-

250 2077 332 2105 neo
362 2063 590 2103 lectionem
621 2060 759 2119 ἀρχή2
802 2057 1010 2113 quoniam
1042 2057 1095 2096 de
1125 2055 1301 2110 reliquis
1332 2067 1505 2094 securus
1535 2067 1622 2094 non

253 2149 364 2176 sum:
399 2133 595 2188 suspicor
622 2131 734 2170 enim
758 2129 964 2183 scriptum
992 2128 1137 2167 fuisse:
1168 2127 1235 2168 οὐκ
1256 2126 1496 2185 εὐπρόσωπος
1518 2140 1621 2185 φροι-

252 2208 344 2264 μίοις
375 2206 480 2263 ἀρχὴ
513 2203 642 2258 λόγου.
701 2201 847 2256 Ipsum
888 2198 1157 2255 prooemium
1197 2198 1425 2237 rectissime
1465 2197 1624 2237 dieitur

255 2280 461 2338 πρόσωπον
501 2272 727 2320 sermonis,
773 2271 988 2325 huiusque
1028 2270 1193 2310 initium
1224 2275 1305 2308 est:
1346 2268 1623 2309 Pindaricum

255 2350 469 2410 ἀρχομένου
513 2350 621 2406 ἔργου
655 2344 856 2404 πρόσωπον
896 2343 1070 2382 fortasse
1112 2339 1420 2381 obversabatur
1457 2339 1620 2380 Poetae.

258 2424 396 2464 Recte
424 2419 620 2459 Klotzius
650 2415 832 2455 ostendit
864 2417 975 2473 ἄρχει
1005 2412 1132 2453 scribi
1162 2425 1249 2452 non
1282 2411 1491 2467 potuisse,
1521 2425 1627 2466 quo-

261 2493 377 2534 niam
407 2490 592 2532 nuncius
617 2488 755 2528 statim
780 2493 947 2542 repetat
976 2481 1007 2526 ὦ
1028 2484 1184 2539 τάλας,
1217 2483 1360 2531 δισσῶς
1389 2484 1512 2525 ἀϋτῶ.
1549 2484 1623 2525 Vi-

259 2565 385 2605 detur
425 2563 542 2618 prius
586 2559 826 2599 exclamare
858 2558 902 2597 in
933 2570 1103 2596 scenam
1134 2555 1354 2611 prodiens,
1391 2555 1623 2610 posterius,

264 2651 398 2692 quum
430 2632 609 2690 propius
640 2629 817 2670 accessit
849 2628 905 2668 ad
936 2627 1173 2668 Creontem.

325 2706 450 2746 1343.
503 2704 596 2764 πρὸς
630 2701 944 2761 πεπραγμένοισιν
976 2699 1101 2747 ἄλλοις
1131 2702 1313 2754 πήμασιν.
1371 2697 1487 2736 Haec
1519 2711 1630 2737 nun-

266 2779 333 2819 cio
367 2776 512 2818 tribuit
542 2776 820 2817 Hermannus.
865 2772 1053 2827 Vulgata
1084 2783 1364 2827 personarum
1390 2767 1632 2808 distributio
