2020 3326
660 987 1350 1038 COMMENTARIUS.

376 1270 448 1314 VS·
469 1271 590 1311 1—-3,
617 1270 967 1327 Distinguebatnr
989 1272 1033 1311 in
1055 1271 1234 1327 vulgatis
1255 1278 1352 1327 post
1378 1271 1509 1328 ‘'Hkoe)
1534 1288 1689 1330 quam-

317 1357 450 1398 quam
487 1349 683 1398 apertum
715 1349 805 1383 erat
845 1343 1077 1399 partieipia
1109 1341 1290 1400 ἐμβεβώς
1321 1352 1361 1385 et
1392 1345 1565 1388 εἱλίσσων
1604 1361 1690 1388 una

316 1415 525 1455 sententia
551 1414 860 1469 comprehendi
877 1444 888 1463 ‚
915 1421 955 1454 et
980 1415 1352 1470 interpretandum
1375 1432 1480 1459 esse:
1511 1433 1565 1459 ae
1586 1419 1691 1460 dum

315 1489 500 1527 insistis
527 1488 688 1527 curruz·
712 1488 840 1541 equis
873 1487 1093 1527 celeribus
1114 1488 1360 1543 flammam
1390 1490 1602 1532 volvens:
1649 1498 1690 1532 et

313 1559 374 1599 sic
398 1559 569 1614 aceepit
596 1558 761 1607 Attius,
787 1559 909 1599 cuius
928 1559 1202 1600 adumbratio
1226 1560 1557 1617 Euripideorum
1584 1576 1689 1604 con-

312 1630 446 1671 fertur
487 1630 541 1671 ab
586 1630 911 1686 interpretibus:
957 1631 1060 1680 Sol,
1102 1634 1185 1687 qui
1220 1635 1459 1674 micantem
1496 1635 1688 1676 candido

315 1717 453 1743 curra
480 1708 617 1758 atque
639 1704 768 1757 equis
792 1702 1040 1743 Flammam
1055 1727 1113 1734 ——
1131 1705 1353 1760 explicas.
1377 1705 1534 1761 Itaque
1559 1708 1592 1747 si
1616 1721 1688 1749 ve-

312 1788 359 1814 ra
397 1780 495 1814 sunt
526 1774 718 1830 (omnino
764 1780 906 1814 autem
946 1774 1053 1815 falsa
1091 1789 1178 1816 esse
1207 1776 1275 1817 vix
1306 1777 1527 1833 possunt),
1573 1793 1688 1834 quae

311 1846 441 1886 tradit
468 1845 727 1887 Scholiastes
757 1845 813 1885 ad
842 1845 959 1886 hunc
990 1846 1162 1896 locum,
1200 1847 1254 1887 de
1282 1848 1511 1904 Sophoclis
1539 1863 1687 1905 repre-

310 1917 545 1966 hensione,
590 1917 663 1957 hie
698 1930 786 1957 non
816 1917 986 1957 videtur
1016 1918 1197 1959 voluisse
1234 1925 1280 1959 ut
1312 1919 1499 1969 Fabula,
1538 1922 1687 1976 positis

311 1989 482 2029 duobus
529 1988 676 2044 primis
718 1988 909 2029 versibus
952 1995 1049 2043 post
1094 1990 1293 2039 tertium,
1342 1991 1558 2032 ordiretur
1601 1993 1680 2035 sie:

313 2060 426 2103 Ἥλιε
448 2060 529 2103 κτὲ.
545 2095 562 2116 ,
591 2060 667 2100 sed
696 2060 875 2100 nimium
903 2060 1080 2101 istorum
1109 2061 1341 2102 verborum
1376 2070 1577 2104 ornatum
1604 2065 1684 2106 im-

308 2132 536 2189 probavit,
582 2132 649 2172 vel
690 2131 815 2171 nimis
849 2131 1119 2186 frequentem
1165 2147 1288 2173 usum
1323 2134 1442 2174 istius
1487 2142 1683 2177 constru-

311 2205 477 2246 ctionis.
520 2203 677 2251 Recte,
720 2202 753 2242 si
778 2202 888 2257 quid
918 2203 1067 2252 vide0‚
1114 2204 1295 2259 ipseque
1324 2205 1368 2245 in
1399 2203 1551 2264 Aiace.
1580 2206 1682 2250 826.

309 2275 357 2318 σὺ
388 2275 447 2331 δ’,
479 2272 510 2317 ὦ
551 2275 615 2317 τὸν
644 2272 757 2316 αἰπὺν
790 2273 945 2332 οὐρανὸν
974 2273 1246 2333 ὃιφρηλατῶν,
1279 2273 1392 2319 ”Η)-ιε
1412 2277 1497 2333 κτὲ,
1531 2279 1682 2321 eadem

306 2349 463 2396 forma,
482 2347 556 2387 sed
569 2346 762 2386 modesta
779 2346 872 2395 illa,
894 2360 992 2386 usus
1008 2353 1090 2386 est:
1111 2347 1351 2403 eademque
1369 2350 1681 2392 animadversio

306 2419 578 2476 pertinuisset
604 2418 738 2466 infra,
770 2417 826 2457 ad
850 2431 909 2458 vs.
933 2416 1004 2458 84.
1038 2418 1125 2460 ἀλλ’
1148 2415 1180 2460 ὦ
1200 2421 1360 2479 φαεννὰς
1391 2421 1550 2481 οὐρανοῦ
1569 2424 1682 2466 ναίων

305 2492 491 2548 πτύχας,
526 2491 616 2532 Ζεῦ.
651 2489 749 2530 eoll.
788 2488 887 2529 Hel.
914 2488 1015 2530 386.
1051 2489 1198 2532 Orest.
1223 2491 1327 2533 852.
1360 2493 1553 2549 aliisque.
1599 2495 1681 2536 Eu-

305 2564 455 2620 ripidis
484 2563 614 2618 igitur
637 2560 910 2616 reprehensio
930 2561 1036 2601 initii
1066 2562 1278 2604 Electrae
1310 2564 1582 2620 Sophocleae
1610 2567 1677 2609 in-

304 2635 394 2676 anis
432 2635 513 2675 fuit
544 2633 775 2675 cavillatio.
822 2632 940 2672 Haec
984 2635 1131 2674 monui
1169 2648 1318 2677 eorum
1359 2650 1516 2687 eausa,
1563 2652 1678 2694 quae

303 2707 410 2748 dixit
435 2706 704 2747 Hermannus
736 2704 791 2746 ad
821 2703 955 2759 Soph.
987 2704 1155 2747 Electr.
1184 2719 1242 2750 vs.
1278 2708 1313 2749 l.
1347 2722 1486 2765 eaque
1512 2724 1677 2767 propa-
