<?xml version="1.0" encoding="UTF-8"?>
<!DOCTYPE html PUBLIC "-//W3C//DTD XHTML 1.0 Transitional//EN"
    "http://www.w3.org/TR/xhtml1/DTD/xhtml1-transitional.dtd">
<html xmlns="http://www.w3.org/1999/xhtml" xml:lang="en" lang="en">
 <head>
  <title>
</title>
<meta http-equiv="Content-Type" content="text/html;charset=utf-8" />
  <meta name='ocr-system' content='tesseract 3.04.00' />
  <meta name='ocr-capabilities' content='ocr_page ocr_carea ocr_par ocr_line ocrx_word'/>
</head>
<body>
  <div class='ocr_page' id='page_1' title='image "./phoenissaecumcom00euriuoft_0268.png"; bbox 0 0 2020 3326; ppageno 0'>
   <div class='ocr_carea' id='block_1_1' title="bbox 429 256 1384 302">
    <p class='ocr_par' dir='ltr' id='par_1_1' title="bbox 429 256 1384 302">
     <span class='ocr_line' id='line_1_1' title="bbox 429 256 1384 302; baseline -0.007 0"><span class='ocrx_word' id='word_1_1' title='bbox 429 262 513 302; x_wconf 74' lang='lat' dir='ltr'>24ss</span> <span class='ocrx_word' id='word_1_2' title='bbox 829 256 1384 299; x_wconf 76' lang='lat' dir='ltr'>COMMENTARIUS.</span> 
     </span>
    </p>
   </div>
   <div class='ocr_carea' id='block_1_2' title="bbox 431 394 1788 814">
    <p class='ocr_par' dir='ltr' id='par_1_2' title="bbox 431 394 1788 814">
     <span class='ocr_line' id='line_1_2' title="bbox 439 394 1783 455; baseline -0.001 -16"><span class='ocrx_word' id='word_1_3' title='bbox 439 399 473 439; x_wconf 84' lang='lat' dir='ltr'><em>V</em></span> <span class='ocrx_word' id='word_1_4' title='bbox 469 398 781 438; x_wconf 67' lang='grc' dir='ltr'>(ιΙσΑ-εηαθφιιιε</span> <span class='ocrx_word' id='word_1_5' title='bbox 806 412 848 451; x_wconf 99' lang='lat' dir='ltr'>ys</span> <span class='ocrx_word' id='word_1_6' title='bbox 852 401 943 454; x_wconf 52' lang='lat' dir='ltr'>pona?</span> <span class='ocrx_word' id='word_1_7' title='bbox 975 394 1172 453; x_wconf 59' lang='grc' dir='ltr'>φιλτάτη.</span> <span class='ocrx_word' id='word_1_8' title='bbox 1201 418 1256 423; x_wconf 85' lang='lat'><strong>—</strong></span> <span class='ocrx_word' id='word_1_9' title='bbox 1278 394 1382 445; x_wconf 82' lang='lat' dir='ltr'>Quis</span> <span class='ocrx_word' id='word_1_10' title='bbox 1403 406 1502 434; x_wconf 73' lang='lat' dir='ltr'>veto</span> <span class='ocrx_word' id='word_1_11' title='bbox 1526 394 1617 443; x_wconf 84' lang='lat' dir='ltr'>hic,</span> <span class='ocrx_word' id='word_1_12' title='bbox 1647 397 1678 435; x_wconf 90' lang='lat' dir='ltr'>si</span> <span class='ocrx_word' id='word_1_13' title='bbox 1702 397 1783 455; x_wconf 70' lang='grc' dir='ltr'>φιλ-</span> 
     </span>
     <span class='ocr_line' id='line_1_3' title="bbox 434 465 1786 527; baseline -0.002 -16.948"><span class='ocrx_word' id='word_1_14' title='bbox 434 474 532 526; x_wconf 67' lang='grc' dir='ltr'>τάτῃ</span> <span class='ocrx_word' id='word_1_15' title='bbox 564 486 609 525; x_wconf 87' lang='grc' dir='ltr'>χ</span> <span class='ocrx_word' id='word_1_16' title='bbox 598 468 646 527; x_wconf 79' lang='grc' dir='ltr'>ρι’</span> <span class='ocrx_word' id='word_1_17' title='bbox 671 466 890 516; x_wconf 84' lang='lat' dir='ltr'>Sclibitur,</span> <span class='ocrx_word' id='word_1_18' title='bbox 923 466 967 506; x_wconf 87' lang='lat' dir='ltr'>id</span> <span class='ocrx_word' id='word_1_19' title='bbox 990 471 1071 506; x_wconf 76' lang='lat' dir='ltr'>tua</span> <span class='ocrx_word' id='word_1_20' title='bbox 1093 481 1227 505; x_wconf 68' lang='lat' dir='ltr'>mmm</span> <span class='ocrx_word' id='word_1_21' title='bbox 1254 465 1494 520; x_wconf 81' lang='lat' dir='ltr'>significare</span> <span class='ocrx_word' id='word_1_22' title='bbox 1521 466 1661 506; x_wconf 78' lang='lat' dir='ltr'>volet?</span> <span class='ocrx_word' id='word_1_23' title='bbox 1691 469 1786 522; x_wconf 88' lang='lat' dir='ltr'>quis</span> 
     </span>
     <span class='ocr_line' id='line_1_4' title="bbox 431 537 1785 599; baseline -0.01 -16"><span class='ocrx_word' id='word_1_24' title='bbox 431 555 560 596; x_wconf 89' lang='lat' dir='ltr'>porro</span> <span class='ocrx_word' id='word_1_25' title='bbox 590 539 773 599; x_wconf 72' lang='grc' dir='ltr'>φιλτάτης</span> <span class='ocrx_word' id='word_1_26' title='bbox 804 540 891 579; x_wconf 88' lang='lat' dir='ltr'>sine</span> <span class='ocrx_word' id='word_1_27' title='bbox 918 538 1087 578; x_wconf 82' lang='lat' dir='ltr'>adiecto</span> <span class='ocrx_word' id='word_1_28' title='bbox 1112 537 1282 577; x_wconf 88' lang='lat' dir='ltr'>nomine</span> <span class='ocrx_word' id='word_1_29' title='bbox 1307 550 1386 592; x_wconf 80' lang='lat' dir='ltr'>pro</span> <span class='ocrx_word' id='word_1_30' title='bbox 1416 542 1481 585; x_wconf 70' lang='grc' dir='ltr'>τῆς</span> <span class='ocrx_word' id='word_1_31' title='bbox 1510 538 1690 596; x_wconf 63' lang='grc' dir='ltr'>φιλτάτης</span> <span class='ocrx_word' id='word_1_32' title='bbox 1720 539 1785 578; x_wconf 78' lang='lat' dir='ltr'>di-</span> 
     </span>
     <span class='ocr_line' id='line_1_5' title="bbox 433 609 1786 671; baseline 0 -19"><span class='ocrx_word' id='word_1_33' title='bbox 433 619 549 652; x_wconf 80' lang='lat' dir='ltr'>etum</span> <span class='ocrx_word' id='word_1_34' title='bbox 581 611 756 652; x_wconf 78' lang='lat' dir='ltr'><strong>credet?</strong></span> <span class='ocrx_word' id='word_1_35' title='bbox 782 611 866 650; x_wconf 85' lang='lat' dir='ltr'>Ista</span> <span class='ocrx_word' id='word_1_36' title='bbox 896 610 994 650; x_wconf 87' lang='lat' dir='ltr'>ferri</span> <span class='ocrx_word' id='word_1_37' title='bbox 1019 615 1262 664; x_wconf 86' lang='lat' dir='ltr'>nequeunt:</span> <span class='ocrx_word' id='word_1_38' title='bbox 1291 609 1397 648; x_wconf 84' lang='lat' dir='ltr'>illud</span> <span class='ocrx_word' id='word_1_39' title='bbox 1429 616 1569 650; x_wconf 82' lang='lat' dir='ltr'>autem</span> <span class='ocrx_word' id='word_1_40' title='bbox 1589 640 1599 658; x_wconf 90' lang='lat'>,</span> <span class='ocrx_word' id='word_1_41' title='bbox 1630 617 1786 671; x_wconf 75' lang='grc' dir='ltr'>γεραιοῖς</span> 
     </span>
     <span class='ocr_line' id='line_1_6' title="bbox 434 681 1788 743; baseline -0.003 -17"><span class='ocrx_word' id='word_1_42' title='bbox 434 686 645 743; x_wconf 66' lang='grc' dir='ltr'>φιλτάτης,</span> <span class='ocrx_word' id='word_1_43' title='bbox 678 684 840 724; x_wconf 87' lang='lat' dir='ltr'>dictum</span> <span class='ocrx_word' id='word_1_44' title='bbox 869 689 928 722; x_wconf 90' lang='lat' dir='ltr'>est</span> <span class='ocrx_word' id='word_1_45' title='bbox 957 682 1183 721; x_wconf 73' lang='lat' dir='ltr'>rectissime</span> <span class='ocrx_word' id='word_1_46' title='bbox 1213 687 1253 720; x_wconf 83' lang='lat' dir='ltr'>et</span> <span class='ocrx_word' id='word_1_47' title='bbox 1281 681 1506 736; x_wconf 74' lang='lat' dir='ltr'>aptissime.</span> <span class='ocrx_word' id='word_1_48' title='bbox 1552 682 1635 722; x_wconf 88' lang='lat' dir='ltr'>Sed</span> <span class='ocrx_word' id='word_1_49' title='bbox 1665 682 1788 722; x_wconf 88' lang='lat' dir='ltr'>nimi-</span> 
     </span>
     <span class='ocr_line' id='line_1_7' title="bbox 432 752 1786 814; baseline -0.001 -18"><span class='ocrx_word' id='word_1_50' title='bbox 432 772 526 796; x_wconf 84' lang='lat' dir='ltr'>rum</span> <span class='ocrx_word' id='word_1_51' title='bbox 557 754 892 799; x_wconf 83' lang='lat' dir='ltr'>Valckenaerius</span> <span class='ocrx_word' id='word_1_52' title='bbox 921 752 1092 793; x_wconf 76' lang='lat' dir='ltr'>nolebat</span> <span class='ocrx_word' id='word_1_53' title='bbox 1122 753 1377 800; x_wconf 80' lang='lat' dir='ltr'>meminisse,</span> <span class='ocrx_word' id='word_1_54' title='bbox 1411 754 1555 811; x_wconf 75' lang='grc' dir='ltr'><em>γεραιὸς</em></span> <span class='ocrx_word' id='word_1_55' title='bbox 1581 761 1622 794; x_wconf 86' lang='lat' dir='ltr'>et</span> <span class='ocrx_word' id='word_1_56' title='bbox 1652 756 1786 814; x_wconf 69' lang='grc' dir='ltr'><em>γεραιὰ</em></span> 
     </span>
    </p>
   </div>
   <div class='ocr_carea' id='block_1_3' title="bbox 1052 824 1076 840">
    <p class='ocr_par' dir='ltr' id='par_1_3' title="bbox 1052 824 1076 840">
     <span class='ocr_line' id='line_1_8' title="bbox 1052 824 1076 840; baseline 0.042 -1"><span class='ocrx_word' id='word_1_57' title='bbox 1052 824 1076 840; x_wconf 69' lang='lat'>3,</span> 
     </span>
    </p>
   </div>
   <div class='ocr_carea' id='block_1_4' title="bbox 431 824 1804 2033">
    <p class='ocr_par' dir='ltr' id='par_1_4' title="bbox 431 824 1804 2033">
     <span class='ocr_line' id='line_1_9' title="bbox 433 824 1791 883; baseline -0.001 -15"><span class='ocrx_word' id='word_1_58' title='bbox 433 842 511 883; x_wconf 87' lang='lat' dir='ltr'>pro</span> <span class='ocrx_word' id='word_1_59' title='bbox 539 826 807 868; x_wconf 78' lang='lat' dir='ltr'>substantivis</span> <span class='ocrx_word' id='word_1_60' title='bbox 836 824 1045 879; x_wconf 80' lang='lat' dir='ltr'>usurpari.</span> <span class='ocrx_word' id='word_1_61' title='bbox 1117 824 1231 864; x_wconf 85' lang='lat' dir='ltr'>Haec</span> <span class='ocrx_word' id='word_1_62' title='bbox 1260 824 1539 866; x_wconf 85' lang='lat' dir='ltr'>describenda</span> <span class='ocrx_word' id='word_1_63' title='bbox 1566 833 1708 874; x_wconf 89' lang='lat' dir='ltr'>erant,</span> <span class='ocrx_word' id='word_1_64' title='bbox 1738 840 1791 866; x_wconf 88' lang='lat' dir='ltr'>ne</span> 
     </span>
     <span class='ocr_line' id='line_1_10' title="bbox 434 895 1789 954; baseline -0.002 -14"><span class='ocrx_word' id='word_1_65' title='bbox 434 901 531 954; x_wconf 78' lang='lat' dir='ltr'>quis</span> <span class='ocrx_word' id='word_1_66' title='bbox 570 899 858 954; x_wconf 87' lang='lat' dir='ltr'>suspicaretur</span> <span class='ocrx_word' id='word_1_67' title='bbox 898 910 964 936; x_wconf 86' lang='lat' dir='ltr'>me</span> <span class='ocrx_word' id='word_1_68' title='bbox 1005 896 1141 936; x_wconf 85' lang='lat' dir='ltr'>virum</span> <span class='ocrx_word' id='word_1_69' title='bbox 1172 895 1493 936; x_wconf 86' lang='lat' dir='ltr'>celeberrimum</span> <span class='ocrx_word' id='word_1_70' title='bbox 1524 897 1789 938; x_wconf 85' lang='lat' dir='ltr'>calumniari.</span> 
     </span>
     <span class='ocr_line' id='line_1_11' title="bbox 431 967 1789 1018; baseline -0.002 -6"><span class='ocrx_word' id='word_1_71' title='bbox 431 972 525 1012; x_wconf 87' lang='lat' dir='ltr'>Non</span> <span class='ocrx_word' id='word_1_72' title='bbox 557 969 826 1018; x_wconf 86' lang='lat' dir='ltr'>diiudicabO,</span> <span class='ocrx_word' id='word_1_73' title='bbox 863 968 995 1009; x_wconf 86' lang='lat' dir='ltr'>utrius</span> <span class='ocrx_word' id='word_1_74' title='bbox 1026 967 1232 1007; x_wconf 87' lang='lat' dir='ltr'>iudicium</span> <span class='ocrx_word' id='word_1_75' title='bbox 1263 968 1402 1007; x_wconf 84' lang='lat' dir='ltr'>sanius</span> <span class='ocrx_word' id='word_1_76' title='bbox 1431 968 1584 1017; x_wconf 80' lang='lat' dir='ltr'>fuerit,</span> <span class='ocrx_word' id='word_1_77' title='bbox 1616 969 1789 1009; x_wconf 89' lang='lat' dir='ltr'>Porsoni</span> 
     </span>
     <span class='ocr_line' id='line_1_12' title="bbox 433 1039 1789 1095; baseline -0.002 -12"><span class='ocrx_word' id='word_1_78' title='bbox 433 1059 485 1084; x_wconf 87' lang='lat' dir='ltr'>an</span> <span class='ocrx_word' id='word_1_79' title='bbox 541 1041 863 1089; x_wconf 85' lang='lat' dir='ltr'>Valckenaerii,</span> <span class='ocrx_word' id='word_1_80' title='bbox 922 1040 996 1080; x_wconf 88' lang='lat' dir='ltr'>sed</span> <span class='ocrx_word' id='word_1_81' title='bbox 1049 1039 1263 1079; x_wconf 88' lang='lat' dir='ltr'>contendo</span> <span class='ocrx_word' id='word_1_82' title='bbox 1308 1039 1351 1080; x_wconf 85' lang='lat' dir='ltr'>id</span> <span class='ocrx_word' id='word_1_83' title='bbox 1399 1040 1519 1095; x_wconf 87' lang='lat' dir='ltr'>quod</span> <span class='ocrx_word' id='word_1_84' title='bbox 1562 1040 1631 1080; x_wconf 89' lang='lat' dir='ltr'>hic</span> <span class='ocrx_word' id='word_1_85' title='bbox 1673 1054 1789 1081; x_wconf 90' lang='lat' dir='ltr'>nunc</span> 
     </span>
     <span class='ocr_line' id='line_1_13' title="bbox 437 1111 1793 1171; baseline -0.002 -16"><span class='ocrx_word' id='word_1_86' title='bbox 437 1116 602 1171; x_wconf 75' lang='lat' dir='ltr'>scripsit</span> <span class='ocrx_word' id='word_1_87' title='bbox 646 1114 787 1154; x_wconf 88' lang='lat' dir='ltr'>sanius</span> <span class='ocrx_word' id='word_1_88' title='bbox 817 1126 903 1153; x_wconf 88' lang='lat' dir='ltr'>esse</span> <span class='ocrx_word' id='word_1_89' title='bbox 933 1111 1217 1151; x_wconf 86' lang='lat' dir='ltr'>Porsoniano:</span> <span class='ocrx_word' id='word_1_90' title='bbox 1254 1112 1297 1151; x_wconf 88' lang='lat' dir='ltr'>in</span> <span class='ocrx_word' id='word_1_91' title='bbox 1328 1112 1400 1151; x_wconf 87' lang='lat' dir='ltr'>illa</span> <span class='ocrx_word' id='word_1_92' title='bbox 1441 1113 1552 1152; x_wconf 87' lang='lat' dir='ltr'>enim</span> <span class='ocrx_word' id='word_1_93' title='bbox 1591 1113 1793 1153; x_wconf 86' lang='lat' dir='ltr'>sententia</span> 
     </span>
     <span class='ocr_line' id='line_1_14' title="bbox 434 1183 1794 1227; baseline -0.002 0"><span class='ocrx_word' id='word_1_94' title='bbox 434 1195 474 1227; x_wconf 91' lang='lat' dir='ltr'>et</span> <span class='ocrx_word' id='word_1_95' title='bbox 501 1187 669 1227; x_wconf 86' lang='lat' dir='ltr'>actione</span> <span class='ocrx_word' id='word_1_96' title='bbox 699 1185 895 1225; x_wconf 87' lang='lat' dir='ltr'>convenit</span> <span class='ocrx_word' id='word_1_97' title='bbox 928 1190 973 1223; x_wconf 92' lang='lat' dir='ltr'>ut</span> <span class='ocrx_word' id='word_1_98' title='bbox 1009 1184 1144 1224; x_wconf 89' lang='lat' dir='ltr'>omnis</span> <span class='ocrx_word' id='word_1_99' title='bbox 1174 1183 1351 1223; x_wconf 86' lang='lat' dir='ltr'>affectus</span> <span class='ocrx_word' id='word_1_100' title='bbox 1389 1190 1429 1223; x_wconf 91' lang='lat' dir='ltr'>et</span> <span class='ocrx_word' id='word_1_101' title='bbox 1463 1184 1794 1224; x_wconf 89' lang='lat' dir='ltr'>commiseratio-</span> 
     </span>
     <span class='ocr_line' id='line_1_15' title="bbox 437 1255 1795 1314; baseline -0.002 -15"><span class='ocrx_word' id='word_1_102' title='bbox 437 1260 501 1299; x_wconf 86' lang='lat' dir='ltr'>nis</span> <span class='ocrx_word' id='word_1_103' title='bbox 531 1257 784 1314; x_wconf 83' lang='lat' dir='ltr'>significatio</span> <span class='ocrx_word' id='word_1_104' title='bbox 813 1256 1004 1295; x_wconf 78' lang='lat' dir='ltr'>locastae</span> <span class='ocrx_word' id='word_1_105' title='bbox 1035 1255 1295 1296; x_wconf 79' lang='lat' dir='ltr'>vindicetur:</span> <span class='ocrx_word' id='word_1_106' title='bbox 1328 1255 1448 1310; x_wconf 86' lang='lat' dir='ltr'>quod</span> <span class='ocrx_word' id='word_1_107' title='bbox 1477 1269 1564 1295; x_wconf 89' lang='lat' dir='ltr'>non</span> <span class='ocrx_word' id='word_1_108' title='bbox 1595 1255 1795 1296; x_wconf 88' lang='lat' dir='ltr'>codicum</span> 
     </span>
     <span class='ocr_line' id='line_1_16' title="bbox 439 1326 1797 1384; baseline -0.004 -13"><span class='ocrx_word' id='word_1_109' title='bbox 439 1343 616 1371; x_wconf 84' lang='lat' dir='ltr'>numero</span> <span class='ocrx_word' id='word_1_110' title='bbox 644 1335 716 1369; x_wconf 89' lang='lat' dir='ltr'>aut</span> <span class='ocrx_word' id='word_1_111' title='bbox 745 1327 960 1384; x_wconf 87' lang='lat' dir='ltr'>pondere,</span> <span class='ocrx_word' id='word_1_112' title='bbox 994 1326 1067 1366; x_wconf 90' lang='lat' dir='ltr'>sed</span> <span class='ocrx_word' id='word_1_113' title='bbox 1096 1340 1219 1366; x_wconf 89' lang='lat' dir='ltr'>sensu</span> <span class='ocrx_word' id='word_1_114' title='bbox 1249 1326 1532 1381; x_wconf 81' lang='lat' dir='ltr'>dignoscitur,</span> <span class='ocrx_word' id='word_1_115' title='bbox 1566 1327 1642 1381; x_wconf 87' lang='lat' dir='ltr'>qui</span> <span class='ocrx_word' id='word_1_116' title='bbox 1669 1327 1701 1367; x_wconf 91' lang='lat' dir='ltr'>si</span> <span class='ocrx_word' id='word_1_117' title='bbox 1730 1340 1797 1366; x_wconf 87' lang='lat' dir='ltr'>me</span> 
     </span>
     <span class='ocr_line' id='line_1_17' title="bbox 437 1398 1795 1458; baseline -0.003 -16"><span class='ocrx_word' id='word_1_118' title='bbox 437 1416 524 1442; x_wconf 91' lang='lat' dir='ltr'>non</span> <span class='ocrx_word' id='word_1_119' title='bbox 564 1401 737 1441; x_wconf 89' lang='lat' dir='ltr'>omnino</span> <span class='ocrx_word' id='word_1_120' title='bbox 776 1400 908 1448; x_wconf 82' lang='lat' dir='ltr'>fallit,</span> <span class='ocrx_word' id='word_1_121' title='bbox 952 1398 1116 1458; x_wconf 66' lang='grc' dir='ltr'>φιλτάτῃ</span> <span class='ocrx_word' id='word_1_122' title='bbox 1155 1399 1346 1453; x_wconf 87' lang='lat' dir='ltr'>ineptum</span> <span class='ocrx_word' id='word_1_123' title='bbox 1379 1411 1462 1437; x_wconf 88' lang='lat' dir='ltr'>esse</span> <span class='ocrx_word' id='word_1_124' title='bbox 1493 1398 1583 1437; x_wconf 86' lang='lat' dir='ltr'>iure</span> <span class='ocrx_word' id='word_1_125' title='bbox 1616 1398 1795 1438; x_wconf 78' lang='lat' dir='ltr'>affirmo.</span> 
     </span>
     <span class='ocr_line' id='line_1_18' title="bbox 439 1469 1798 1528; baseline -0.004 -14"><span class='ocrx_word' id='word_1_126' title='bbox 439 1474 548 1514; x_wconf 88' lang='lat' dir='ltr'>Hinc</span> <span class='ocrx_word' id='word_1_127' title='bbox 578 1472 769 1528; x_wconf 86' lang='lat' dir='ltr'>sequitur</span> <span class='ocrx_word' id='word_1_128' title='bbox 799 1485 885 1511; x_wconf 90' lang='lat' dir='ltr'>non</span> <span class='ocrx_word' id='word_1_129' title='bbox 916 1471 1024 1510; x_wconf 88' lang='lat' dir='ltr'>male</span> <span class='ocrx_word' id='word_1_130' title='bbox 1046 1469 1404 1512; x_wconf 81' lang='lat' dir='ltr'>Valckenaerium</span> <span class='ocrx_word' id='word_1_131' title='bbox 1428 1476 1565 1528; x_wconf 72' lang='grc' dir='ltr'><em>γεραιᾷ</em></span> <span class='ocrx_word' id='word_1_132' title='bbox 1593 1470 1798 1524; x_wconf 88' lang='lat' dir='ltr'>scriptum</span> 
     </span>
     <span class='ocr_line' id='line_1_19' title="bbox 439 1542 1791 1598; baseline -0.004 -12"><span class='ocrx_word' id='word_1_133' title='bbox 439 1546 631 1587; x_wconf 88' lang='lat' dir='ltr'>voluisse.</span> <span class='ocrx_word' id='word_1_134' title='bbox 702 1544 787 1584; x_wconf 86' lang='lat' dir='ltr'>Sed</span> <span class='ocrx_word' id='word_1_135' title='bbox 836 1543 931 1598; x_wconf 84' lang='lat' dir='ltr'>quis</span> <span class='ocrx_word' id='word_1_136' title='bbox 984 1543 1190 1590; x_wconf 88' lang='lat' dir='ltr'>affirmet,</span> <span class='ocrx_word' id='word_1_137' title='bbox 1259 1548 1427 1596; x_wconf 86' lang='lat' dir='ltr'>praeter</span> <span class='ocrx_word' id='word_1_138' title='bbox 1474 1542 1761 1581; x_wconf 88' lang='lat' dir='ltr'>Hermannum</span> <span class='ocrx_word' id='word_1_139' title='bbox 1782 1573 1791 1589; x_wconf 92' lang='lat'><strong>‚</strong></span> 
     </span>
     <span class='ocr_line' id='line_1_20' title="bbox 437 1612 1796 1672; baseline -0.004 -14"><span class='ocrx_word' id='word_1_140' title='bbox 437 1632 533 1658; x_wconf 85' lang='lat' dir='ltr'>eum</span> <span class='ocrx_word' id='word_1_141' title='bbox 570 1616 735 1672; x_wconf 88' lang='lat' dir='ltr'>aliquid</span> <span class='ocrx_word' id='word_1_142' title='bbox 768 1615 1016 1655; x_wconf 83' lang='lat' dir='ltr'>»recordari</span> <span class='ocrx_word' id='word_1_143' title='bbox 1046 1613 1297 1654; x_wconf 73' lang='lat' dir='ltr'>noluisse?”</span> <span class='ocrx_word' id='word_1_144' title='bbox 1330 1614 1421 1653; x_wconf 88' lang='lat' dir='ltr'>Hoc</span> <span class='ocrx_word' id='word_1_145' title='bbox 1454 1612 1796 1653; x_wconf 82' lang='lat' dir='ltr'>dissimulationis</span> 
     </span>
     <span class='ocr_line' id='line_1_21' title="bbox 442 1684 1798 1743; baseline -0.004 -14"><span class='ocrx_word' id='word_1_146' title='bbox 442 1690 600 1729; x_wconf 84' lang='lat' dir='ltr'>crimen</span> <span class='ocrx_word' id='word_1_147' title='bbox 632 1695 713 1737; x_wconf 87' lang='lat' dir='ltr'>est,</span> <span class='ocrx_word' id='word_1_148' title='bbox 747 1687 1017 1743; x_wconf 80' lang='lat' dir='ltr'>pravissimae</span> <span class='ocrx_word' id='word_1_149' title='bbox 1044 1686 1155 1726; x_wconf 85' lang='lat' dir='ltr'>illius</span> <span class='ocrx_word' id='word_1_150' title='bbox 1187 1685 1251 1726; x_wconf 90' lang='lat' dir='ltr'>vel</span> <span class='ocrx_word' id='word_1_151' title='bbox 1282 1685 1325 1725; x_wconf 90' lang='lat' dir='ltr'>in</span> <span class='ocrx_word' id='word_1_152' title='bbox 1355 1685 1534 1725; x_wconf 89' lang='lat' dir='ltr'>minimis</span> <span class='ocrx_word' id='word_1_153' title='bbox 1563 1684 1708 1734; x_wconf 87' lang='lat' dir='ltr'>rebus,</span> <span class='ocrx_word' id='word_1_154' title='bbox 1743 1685 1798 1724; x_wconf 90' lang='lat' dir='ltr'>si-</span> 
     </span>
     <span class='ocr_line' id='line_1_22' title="bbox 442 1755 1802 1816; baseline -0.004 -15"><span class='ocrx_word' id='word_1_155' title='bbox 442 1761 619 1816; x_wconf 79' lang='lat' dir='ltr'>quidem</span> <span class='ocrx_word' id='word_1_156' title='bbox 649 1760 768 1815; x_wconf 84' lang='lat' dir='ltr'>quod</span> <span class='ocrx_word' id='word_1_157' title='bbox 794 1773 941 1808; x_wconf 86' lang='lat' dir='ltr'>verum</span> <span class='ocrx_word' id='word_1_158' title='bbox 967 1764 1025 1798; x_wconf 88' lang='lat' dir='ltr'>est</span> <span class='ocrx_word' id='word_1_159' title='bbox 1056 1757 1250 1797; x_wconf 89' lang='lat' dir='ltr'>confiteri</span> <span class='ocrx_word' id='word_1_160' title='bbox 1282 1762 1466 1811; x_wconf 85' lang='lat' dir='ltr'>oportet.</span> <span class='ocrx_word' id='word_1_161' title='bbox 1500 1756 1593 1796; x_wconf 89' lang='lat' dir='ltr'>Non</span> <span class='ocrx_word' id='word_1_162' title='bbox 1619 1755 1802 1797; x_wconf 87' lang='lat' dir='ltr'>cadebat</span> 
     </span>
     <span class='ocr_line' id='line_1_23' title="bbox 444 1827 1798 1883; baseline -0.004 -11"><span class='ocrx_word' id='word_1_163' title='bbox 444 1834 527 1873; x_wconf 81' lang='lat' dir='ltr'>tale</span> <span class='ocrx_word' id='word_1_164' title='bbox 558 1832 705 1873; x_wconf 89' lang='lat' dir='ltr'>vitium</span> <span class='ocrx_word' id='word_1_165' title='bbox 737 1831 780 1871; x_wconf 87' lang='lat' dir='ltr'>in</span> <span class='ocrx_word' id='word_1_166' title='bbox 815 1831 931 1870; x_wconf 88' lang='lat' dir='ltr'>illam</span> <span class='ocrx_word' id='word_1_167' title='bbox 960 1830 1171 1869; x_wconf 85' lang='lat' dir='ltr'>indolem:</span> <span class='ocrx_word' id='word_1_168' title='bbox 1206 1835 1246 1868; x_wconf 91' lang='lat' dir='ltr'>et</span> <span class='ocrx_word' id='word_1_169' title='bbox 1275 1828 1471 1883; x_wconf 86' lang='lat' dir='ltr'>profecto</span> <span class='ocrx_word' id='word_1_170' title='bbox 1501 1827 1639 1868; x_wconf 90' lang='lat' dir='ltr'>bonus</span> <span class='ocrx_word' id='word_1_171' title='bbox 1668 1828 1798 1870; x_wconf 88' lang='lat' dir='ltr'>Valc-</span> 
     </span>
     <span class='ocr_line' id='line_1_24' title="bbox 448 1899 1801 1957; baseline -0.004 -13"><span class='ocrx_word' id='word_1_172' title='bbox 448 1903 671 1944; x_wconf 86' lang='lat' dir='ltr'>kenaerius</span> <span class='ocrx_word' id='word_1_173' title='bbox 701 1916 787 1942; x_wconf 89' lang='lat' dir='ltr'>non</span> <span class='ocrx_word' id='word_1_174' title='bbox 816 1907 986 1957; x_wconf 86' lang='lat' dir='ltr'>poterat</span> <span class='ocrx_word' id='word_1_175' title='bbox 1013 1901 1266 1945; x_wconf 78' lang='lat' dir='ltr'>meminisse,</span> <span class='ocrx_word' id='word_1_176' title='bbox 1301 1913 1414 1954; x_wconf 86' lang='lat' dir='ltr'>quae</span> <span class='ocrx_word' id='word_1_177' title='bbox 1444 1899 1680 1939; x_wconf 83' lang='lat' dir='ltr'>nesciebat:</span> <span class='ocrx_word' id='word_1_178' title='bbox 1716 1905 1801 1939; x_wconf 88' lang='lat' dir='ltr'>ete-</span> 
     </span>
     <span class='ocr_line' id='line_1_25' title="bbox 447 1970 1804 2033; baseline -0.004 -18"><span class='ocrx_word' id='word_1_179' title='bbox 447 1977 533 2015; x_wconf 88' lang='lat' dir='ltr'>nim</span> <span class='ocrx_word' id='word_1_180' title='bbox 564 1975 670 2015; x_wconf 89' lang='lat' dir='ltr'>scire</span> <span class='ocrx_word' id='word_1_181' title='bbox 701 1988 787 2014; x_wconf 90' lang='lat' dir='ltr'>non</span> <span class='ocrx_word' id='word_1_182' title='bbox 816 1974 956 2029; x_wconf 88' lang='lat' dir='ltr'>potuit</span> <span class='ocrx_word' id='word_1_183' title='bbox 988 1991 1003 2009; x_wconf 84' lang='lat'>»</span> <span class='ocrx_word' id='word_1_184' title='bbox 1021 1974 1165 2033; x_wconf 77' lang='grc' dir='ltr'>γεραιός</span> <span class='ocrx_word' id='word_1_185' title='bbox 1194 1978 1234 2011; x_wconf 89' lang='lat' dir='ltr'>et</span> <span class='ocrx_word' id='word_1_186' title='bbox 1264 1974 1404 2032; x_wconf 74' lang='grc' dir='ltr'><em>γεραιοί</em></span> <span class='ocrx_word' id='word_1_187' title='bbox 1431 1985 1509 2026; x_wconf 87' lang='lat' dir='ltr'>pro</span> <span class='ocrx_word' id='word_1_188' title='bbox 1538 1970 1804 2012; x_wconf 81' lang='lat' dir='ltr'>substantivis</span> 
     </span>
    </p>
   </div>
   <div class='ocr_carea' id='block_1_5' title="bbox 674 2047 697 2063">
    <p class='ocr_par' dir='ltr' id='par_1_5' title="bbox 674 2047 697 2063">
     <span class='ocr_line' id='line_1_26' title="bbox 674 2047 697 2063; baseline 0.043 -1"><span class='ocrx_word' id='word_1_189' title='bbox 674 2047 697 2063; x_wconf 59' lang='lat' dir='ltr'>a,</span> 
     </span>
    </p>
   </div>
   <div class='ocr_carea' id='block_1_6' title="bbox 446 2042 1808 2749">
    <p class='ocr_par' dir='ltr' id='par_1_6' title="bbox 446 2042 1808 2749">
     <span class='ocr_line' id='line_1_27' title="bbox 446 2042 1804 2103; baseline -0.004 -16"><span class='ocrx_word' id='word_1_190' title='bbox 446 2047 666 2103; x_wconf 79' lang='lat' dir='ltr'>usurpari,</span> <span class='ocrx_word' id='word_1_191' title='bbox 737 2059 916 2101; x_wconf 82' lang='lat' dir='ltr'>nempe,</span> <span class='ocrx_word' id='word_1_192' title='bbox 959 2060 1046 2085; x_wconf 87' lang='lat' dir='ltr'>non</span> <span class='ocrx_word' id='word_1_193' title='bbox 1088 2045 1234 2085; x_wconf 89' lang='lat' dir='ltr'>addita</span> <span class='ocrx_word' id='word_1_194' title='bbox 1266 2044 1463 2085; x_wconf 84' lang='lat' dir='ltr'>cautione</span> <span class='ocrx_word' id='word_1_195' title='bbox 1504 2043 1580 2083; x_wconf 89' lang='lat' dir='ltr'>»in</span> <span class='ocrx_word' id='word_1_196' title='bbox 1607 2042 1804 2084; x_wconf 87' lang='lat' dir='ltr'>vocativo</span> 
     </span>
     <span class='ocr_line' id='line_1_28' title="bbox 450 2113 1805 2174; baseline -0.004 -16"><span class='ocrx_word' id='word_1_197' title='bbox 450 2119 595 2160; x_wconf 76' lang='lat' dir='ltr'>casu.&#39;’</span> <span class='ocrx_word' id='word_1_198' title='bbox 636 2119 724 2174; x_wconf 84' lang='lat' dir='ltr'>Ego</span> <span class='ocrx_word' id='word_1_199' title='bbox 754 2118 924 2158; x_wconf 87' lang='lat' dir='ltr'>memini</span> <span class='ocrx_word' id='word_1_200' title='bbox 957 2117 1096 2157; x_wconf 86' lang='lat' dir='ltr'>afferri</span> <span class='ocrx_word' id='word_1_201' title='bbox 1125 2116 1332 2157; x_wconf 88' lang='lat' dir='ltr'>nonnulla</span> <span class='ocrx_word' id='word_1_202' title='bbox 1360 2121 1582 2170; x_wconf 78' lang='lat' dir='ltr'>tamquam</span> <span class='ocrx_word' id='word_1_203' title='bbox 1610 2113 1805 2154; x_wconf 88' lang='lat' dir='ltr'>substan-</span> 
     </span>
     <span class='ocr_line' id='line_1_29' title="bbox 447 2186 1806 2244; baseline -0.004 -14"><span class='ocrx_word' id='word_1_204' title='bbox 447 2191 629 2231; x_wconf 84' lang='lat' dir='ltr'>tivorum</span> <span class='ocrx_word' id='word_1_205' title='bbox 656 2190 868 2244; x_wconf 86' lang='lat' dir='ltr'>exempla,</span> <span class='ocrx_word' id='word_1_206' title='bbox 898 2195 1067 2243; x_wconf 87' lang='lat' dir='ltr'>praeter</span> <span class='ocrx_word' id='word_1_207' title='bbox 1091 2188 1323 2229; x_wconf 89' lang='lat' dir='ltr'>vocativos:</span> <span class='ocrx_word' id='word_1_208' title='bbox 1352 2186 1500 2227; x_wconf 89' lang='lat' dir='ltr'>eadem</span> <span class='ocrx_word' id='word_1_209' title='bbox 1525 2199 1625 2227; x_wconf 88' lang='lat' dir='ltr'>vero</span> <span class='ocrx_word' id='word_1_210' title='bbox 1650 2198 1806 2241; x_wconf 88' lang='lat' dir='ltr'>perpe·-</span> 
     </span>
     <span class='ocr_line' id='line_1_30' title="bbox 453 2255 1806 2316; baseline -0.004 -14"><span class='ocrx_word' id='word_1_211' title='bbox 453 2277 541 2302; x_wconf 88' lang='lat' dir='ltr'>ram</span> <span class='ocrx_word' id='word_1_212' title='bbox 581 2261 785 2316; x_wconf 74' lang='lat' dir='ltr'>explicari</span> <span class='ocrx_word' id='word_1_213' title='bbox 825 2260 928 2300; x_wconf 87' lang='lat' dir='ltr'>mihi</span> <span class='ocrx_word' id='word_1_214' title='bbox 965 2260 1225 2316; x_wconf 85' lang='lat' dir='ltr'>persuadeo:</span> <span class='ocrx_word' id='word_1_215' title='bbox 1269 2259 1397 2300; x_wconf 87' lang='lat' dir='ltr'>veluti</span> <span class='ocrx_word' id='word_1_216' title='bbox 1434 2259 1479 2298; x_wconf 92' lang='lat' dir='ltr'>in</span> <span class='ocrx_word' id='word_1_217' title='bbox 1519 2257 1675 2298; x_wconf 81' lang='lat' dir='ltr'>Troad.</span> <span class='ocrx_word' id='word_1_218' title='bbox 1708 2255 1806 2297; x_wconf 83' lang='lat'>350.</span> 
     </span>
     <span class='ocr_line' id='line_1_31' title="bbox 451 2330 1806 2389; baseline -0.003 -15"><span class='ocrx_word' id='word_1_219' title='bbox 451 2335 524 2374; x_wconf 87' lang='lat' dir='ltr'>ubi</span> <span class='ocrx_word' id='word_1_220' title='bbox 556 2333 673 2373; x_wconf 87' lang='lat' dir='ltr'>haud</span> <span class='ocrx_word' id='word_1_221' title='bbox 701 2333 833 2388; x_wconf 83' lang='lat' dir='ltr'>magis</span> <span class='ocrx_word' id='word_1_222' title='bbox 865 2332 1173 2373; x_wconf 86' lang='lat' dir='ltr'>substantivum</span> <span class='ocrx_word' id='word_1_223' title='bbox 1204 2338 1263 2371; x_wconf 89' lang='lat' dir='ltr'>est</span> <span class='ocrx_word' id='word_1_224' title='bbox 1293 2331 1469 2389; x_wconf 66' lang='grc' dir='ltr'>γεραιός,</span> <span class='ocrx_word' id='word_1_225' title='bbox 1501 2343 1633 2385; x_wconf 84' lang='lat' dir='ltr'>quam</span> <span class='ocrx_word' id='word_1_226' title='bbox 1663 2330 1806 2389; x_wconf 78' lang='grc' dir='ltr'>πρόγη-</span> 
     </span>
     <span class='ocr_line' id='line_1_32' title="bbox 453 2399 1804 2465; baseline -0.006 -18"><span class='ocrx_word' id='word_1_227' title='bbox 453 2422 536 2465; x_wconf 55' lang='lat' dir='ltr'>pos:</span> <span class='ocrx_word' id='word_1_228' title='bbox 563 2405 704 2460; x_wconf 86' lang='lat' dir='ltr'>potuit</span> <span class='ocrx_word' id='word_1_229' title='bbox 728 2404 839 2444; x_wconf 89' lang='lat' dir='ltr'>enim</span> <span class='ocrx_word' id='word_1_230' title='bbox 860 2403 985 2444; x_wconf 88' lang='lat' dir='ltr'>scribi</span> <span class='ocrx_word' id='word_1_231' title='bbox 1011 2404 1064 2452; x_wconf 76' lang='grc' dir='ltr'>τίς</span> <span class='ocrx_word' id='word_1_232' title='bbox 1095 2403 1136 2445; x_wconf 78' lang='grc' dir='ltr'>οὺ</span> <span class='ocrx_word' id='word_1_233' title='bbox 1168 2405 1351 2464; x_wconf 78' lang='grc' dir='ltr'>πρόγηρος</span> <span class='ocrx_word' id='word_1_234' title='bbox 1379 2402 1421 2444; x_wconf 78' lang='grc' dir='ltr'>ἐκ</span> <span class='ocrx_word' id='word_1_235' title='bbox 1452 2401 1602 2458; x_wconf 46' lang='lat' dir='ltr'>&amp;duom</span> <span class='ocrx_word' id='word_1_236' title='bbox 1628 2401 1672 2441; x_wconf 88' lang='lat' dir='ltr'>in</span> <span class='ocrx_word' id='word_1_237' title='bbox 1688 2399 1804 2441; x_wconf 74' lang='lat' dir='ltr'>Med.</span> 
     </span>
     <span class='ocr_line' id='line_1_33' title="bbox 459 2473 1808 2536; baseline -0.004 -18"><span class='ocrx_word' id='word_1_238' title='bbox 459 2477 580 2518; x_wconf 85' lang='grc'><strong>1161.</strong></span> <span class='ocrx_word' id='word_1_239' title='bbox 612 2477 681 2518; x_wconf 76' lang='grc' dir='ltr'>καί</span> <span class='ocrx_word' id='word_1_240' title='bbox 706 2493 760 2524; x_wconf 84' lang='grc' dir='ltr'>τις</span> <span class='ocrx_word' id='word_1_241' title='bbox 791 2476 927 2536; x_wconf 71' lang='grc' dir='ltr'><em>γεραιά</em></span> <span class='ocrx_word' id='word_1_242' title='bbox 955 2475 1180 2536; x_wconf 72' lang='grc' dir='ltr'>προσπόλων</span> <span class='ocrx_word' id='word_1_243' title='bbox 1210 2483 1269 2516; x_wconf 89' lang='lat' dir='ltr'>est</span> <span class='ocrx_word' id='word_1_244' title='bbox 1297 2476 1369 2516; x_wconf 82' lang='grc' dir='ltr'>καί</span> <span class='ocrx_word' id='word_1_245' title='bbox 1393 2491 1446 2522; x_wconf 85' lang='grc' dir='ltr'>τις</span> <span class='ocrx_word' id='word_1_246' title='bbox 1477 2473 1611 2534; x_wconf 71' lang='grc' dir='ltr'><em>γεραιὰ</em></span> <span class='ocrx_word' id='word_1_247' title='bbox 1641 2473 1808 2532; x_wconf 82' lang='grc' dir='ltr'>πρόσπο-</span> 
     </span>
     <span class='ocr_line' id='line_1_34' title="bbox 455 2545 1806 2625; baseline -0.004 -36"><span class='ocrx_word' id='word_1_248' title='bbox 455 2549 514 2596; x_wconf 74' lang='grc' dir='ltr'>λος</span> <span class='ocrx_word' id='word_1_249' title='bbox 547 2554 620 2591; x_wconf 83' lang='grc' dir='ltr'>τῶν</span> <span class='ocrx_word' id='word_1_250' title='bbox 651 2548 879 2608; x_wconf 78' lang='grc' dir='ltr'>προςπόλων.</span> <span class='ocrx_word' id='word_1_251' title='bbox 935 2548 994 2587; x_wconf 80' lang='lat' dir='ltr'>De</span> <span class='ocrx_word' id='word_1_252' title='bbox 1034 2547 1273 2589; x_wconf 84' lang='lat' dir='ltr'>discrimine</span> <span class='ocrx_word' id='word_1_253' title='bbox 1302 2548 1411 2588; x_wconf 84' lang='lat' dir='ltr'>inter</span> <span class='ocrx_word' id='word_1_254' title='bbox 1447 2548 1565 2625; x_wconf 43' lang='grc' dir='ltr'><em>γραῖα</em></span> <span class='ocrx_word' id='word_1_255' title='bbox 1597 2550 1637 2584; x_wconf 83' lang='lat' dir='ltr'>et</span> <span class='ocrx_word' id='word_1_256' title='bbox 1669 2545 1806 2603; x_wconf 74' lang='grc' dir='ltr'><em>γεραιοί</em></span> 
     </span>
     <span class='ocr_line' id='line_1_35' title="bbox 459 2613 1804 2675; baseline -0.005 -15"><span class='ocrx_word' id='word_1_257' title='bbox 459 2621 651 2661; x_wconf 88' lang='lat' dir='ltr'>nondum</span> <span class='ocrx_word' id='word_1_258' title='bbox 696 2621 923 2661; x_wconf 86' lang='lat' dir='ltr'>decernere</span> <span class='ocrx_word' id='word_1_259' title='bbox 955 2619 1103 2668; x_wconf 81' lang='lat' dir='ltr'>velim,</span> <span class='ocrx_word' id='word_1_260' title='bbox 1151 2633 1417 2675; x_wconf 81' lang='lat' dir='ltr'>quamquam</span> <span class='ocrx_word' id='word_1_261' title='bbox 1452 2619 1494 2658; x_wconf 91' lang='lat' dir='ltr'>in</span> <span class='ocrx_word' id='word_1_262' title='bbox 1529 2616 1685 2657; x_wconf 80' lang='lat' dir='ltr'>Troad.</span> <span class='ocrx_word' id='word_1_263' title='bbox 1707 2613 1804 2655; x_wconf 78' lang='grc'><strong>466.</strong></span> 
     </span>
     <span class='ocr_line' id='line_1_36' title="bbox 452 2687 1804 2749; baseline -0.004 -16"><span class='ocrx_word' id='word_1_264' title='bbox 452 2709 518 2733; x_wconf 70' lang='grc' dir='ltr'>ουκ</span> <span class='ocrx_word' id='word_1_265' title='bbox 559 2692 835 2748; x_wconf 65' lang='grc' dir='ltr'>ἀντιλήψεσθ’·</span> <span class='ocrx_word' id='word_1_266' title='bbox 819 2727 833 2748; x_wconf 76' lang='grc'>,</span> <span class='ocrx_word' id='word_1_267' title='bbox 877 2697 900 2736; x_wconf 81' lang='grc' dir='ltr'>ή</span> <span class='ocrx_word' id='word_1_268' title='bbox 939 2691 1123 2748; x_wconf 65' lang='grc' dir='ltr'>μεθήσετ’</span> <span class='ocrx_word' id='word_1_269' title='bbox 1125 2727 1143 2747; x_wconf 58' lang='grc'>,</span> <span class='ocrx_word' id='word_1_270' title='bbox 1185 2687 1216 2732; x_wconf 87' lang='grc' dir='ltr'>ὠ</span> <span class='ocrx_word' id='word_1_271' title='bbox 1253 2691 1397 2745; x_wconf 73' lang='grc' dir='ltr'>κακαι’,·</span> <span class='ocrx_word' id='word_1_272' title='bbox 1439 2691 1580 2749; x_wconf 75' lang='grc' dir='ltr'>γραῖαν</span> <span class='ocrx_word' id='word_1_273' title='bbox 1621 2690 1804 2730; x_wconf 80' lang='grc' dir='ltr'>πεσοῦσαν</span> 
     </span>
    </p>
   </div>
   <div class='ocr_carea' id='block_1_7' title="bbox 455 2757 1807 2823">
    <p class='ocr_par' dir='ltr' id='par_1_7' title="bbox 455 2757 1807 2823">
     <span class='ocr_line' id='line_1_37' title="bbox 455 2757 1807 2823; baseline -0.005 -18"><span class='ocrx_word' id='word_1_274' title='bbox 455 2780 557 2822; x_wconf 64' lang='lat' dir='ltr'>eups-</span> <span class='ocrx_word' id='word_1_275' title='bbox 539 2764 569 2787; x_wconf 87' lang='lat'>-&#39;</span> <span class='ocrx_word' id='word_1_276' title='bbox 611 2780 659 2812; x_wconf 78' lang='grc' dir='ltr'>εις</span> <span class='ocrx_word' id='word_1_277' title='bbox 698 2764 812 2823; x_wconf 65' lang='grc' dir='ltr'>ὀρθὸν</span> <span class='ocrx_word' id='word_1_278' title='bbox 852 2763 995 2819; x_wconf 70' lang='grc' dir='ltr'>πάλιν,</span> <span class='ocrx_word' id='word_1_279' title='bbox 1037 2763 1139 2804; x_wconf 87' lang='lat' dir='ltr'>mihi</span> <span class='ocrx_word' id='word_1_280' title='bbox 1187 2763 1363 2818; x_wconf 88' lang='lat' dir='ltr'>quidem</span> <span class='ocrx_word' id='word_1_281' title='bbox 1414 2759 1705 2802; x_wconf 84' lang='lat' dir='ltr'>continuanda</span> <span class='ocrx_word' id='word_1_282' title='bbox 1743 2757 1807 2800; x_wconf 90' lang='lat' dir='ltr'>vi-</span> 
     </span>
    </p>
   </div>
  </div>
 </body>
</html>
