2020 3326
469 269 547 309 152
878 261 1433 302 COMMENTARIUS.

470 418 567 444 vum
610 401 899 455 significanter
943 396 1139 437 additum
1170 403 1252 435 est:
1294 401 1499 451 precatur
1541 396 1719 437 Hecuba
1750 399 1837 440 Ree³

472 488 564 529 geni
607 486 683 528 per
723 471 882 525 regiam
922 468 1161 524 potentiam
1202 467 1402 516 dextrae,
1450 473 1497 507 ut
1536 467 1734 508 iniuriam
1763 469 1843 525 ipsi

473 546 631 584 factam
661 542 908 581 ulciscatur.

531 613 629 654 928.
670 614 711 654 τί
737 613 975 673 προσπίτνεις
1008 628 1054 667 με
1066 629 1082 666 ,-
1114 608 1351 670 δυσφύλακτ’
1387 610 1489 652 αἰτεῖ
1515 613 1637 651 κακοί.
1683 609 1846 650 Absur-

476 688 579 726 dum
621 686 724 728 αἰτεῖ
760 684 987 725 absurdius
1031 683 1156 724 etiam
1206 682 1504 738 explicuerunt
1553 682 1844 722 scholiastae:

475 759 763 798 recentiorum
805 755 1001 796 nonnulli
1043 755 1130 794 sine
1175 767 1372 794 successu
1418 760 1700 795 tentaverunt.
1753 753 1849 808 Ipse

479 829 716 884 aliquando
744 828 1013 868 conieceram
1039 829 1153 880 ἄτης,
1189 839 1286 865 usus
1308 825 1615 880 praeceptione
1641 825 1850 864 Herman-

480 903 523 941 ni
542 901 596 942 ad
614 900 747 956 Sopb.
768 899 841 940 El.
860 899 952 939 lll.
982 898 1068 938 Sed
1090 897 1454 952 acquiescendum
1472 897 1516 936 in
1531 897 1684 951 pulcra
1707 910 1850 936 emen-

482 974 658 1014 datione
703 972 821 1026 oei‘vez,
874 984 1006 1026 quam
1058 968 1239 1024 protulit
1287 968 1450 1023 Anglus
1496 981 1759 1022 anonymus,
1810 967 1854 1006 in

482 1045 751 1100 eandemque
793 1042 1034 1083 inciderunt
1083 1041 1353 1080 Hermannus
1394 1046 1433 1079 ct
1479 1038 1853 1081 Schneidewinus.

484 1118 669 1166 Invitus,
715 1116 876 1163 fateor,
925 1113 1107 1169 respicio
1155 1112 1315 1167 vulgati
1360 1111 1672 1159 defensionem,
1722 1124 1855 1165 quam

483 1202 620 1243 nuper
661 1186 876 1227 lVIattliiaei
919 1185 1115 1240 exemplo
1157 1184 1333 1224 tentavit
1364 1183 1584 1230 Klotzius,
1629 1196 1705 1222 suo
1738 1181 1857 1222 haud

487 1259 616 1299 dubie
656 1258 816 1297 indicio
856 1257 945 1311 ipse
976 1256 1060 1296 vim
1090 1255 1286 1295 inferens.
1340 1254 1379 1294 Is
1408 1254 1491 1294 lioe
1523 1253 1653 1293 modo
1685 1253 1858 1293 ratioci-

492 1337 643 1371 natur:
683 1347 697 1364 >›
717 1329 976 1382 deprecatur
1009 1325 1148 1367 Creon
1176 1326 1253 1366 filii
1288 1332 1490 1374 mortem,
1526 1327 1552 1365 i.
1579 1339 1616 1365 e.
1649 1325 1754 1380 petit
1784 1324 1861 1364 filii

489 1402 688 1447 salutem,
732 1399 860 1453 igitur
896 1398 1002 1452 petit
1040 1398 1255 1437 interitum
1290 1396 1449 1437 urbis.'’
1499 1397 1608 1436 Satis
1644 1402 1784 1443 recte,
1827 1396 1859 1434 si

490 1474 560 1513 liic
589 1471 832 1512 consisteret
858 1469 1057 1518 Tiresias;
1087 1468 1161 1508 sed
1185 1468 1378 1524 adiungit
1402 1467 1533 1509 verbo
1562 1470 1667 1508 κακοί
1692 1466 1860 1521 epithe-

489 1552 563 1584 ton
601 1542 884 1602 δυσφύλακτα)
928 1539 1049 1595 quod
1088 1553 1257 1579 omnem
1293 1539 1409 1579 illam
1449 1538 1860 1594 argumentationem

490 1616 710 1656 subvertit.
756 1614 798 1653 Si
833 1613 993 1652 diceret
1020 1618 1157 1653 vates:
1204 1610 1342 1666 »petis
1367 1610 1528 1650 malum
1560 1609 1681 1664 quod
1711 1609 1862 1664 quavis

489 1687 654 1727 ratione
684 1684 824 1726 caveri
853 1682 1031 1731 del)et,''
1067 1687 1351 1722 consentanca
1380 1681 1564 1730 diceret,
1597 1694 1714 1720 nunc
1740 1679 1862 1735 quod

492 1759 692 1813 wilgatur
729 1756 778 1812 ei*
803 1754 950 1795 tribuit
976 1753 1228 1793 sententiam
1254 1752 1387 1792 lianc:
1433 1751 1571 1807 »quid
1597 1751 1700 1792 mihi
1726 1752 1859 1791 mole-

494 1837 580 1867 stus
610 1828 683 1867 es?
721 1839 855 1866 annos
886 1825 1001 1866 vides
1028 1830 1067 1863 te
1096 1830 1241 1878 petere
1271 1824 1432 1863 malum
1466 1822 1587 1878 quod
1618 1823 1686 1863 vix
1720 1823 1861 1863 caveri

500 1899 719 1955 poteritP⁷⁷
759 1897 802 1936 id
834 1903 893 1935 est
937 1914 952 1932 n
967 1909 1098 1951 parce
1129 1894 1289 1943 verbis,
1323 1895 1431 1950 petis
1463 1894 1573 1934 enim
1606 1908 1719 1949 quae
1751 1894 1862 1933 ultro

497 1970 715 2018 venieni‚''
756 1968 821 2009 vel
864 1967 1005 2022 »petis
1046 1966 1206 2006 malum
1248 1965 1391 2020 quod,
1437 1980 1572 2020 quum
1609 1971 1865 2005 consecutus

494 2042 594 2090 eris,
633 2038 840 2081 eiusmodi
871 2039 948 2078 erit
977 2043 1022 2077 ut
1054 2037 1194 2077 caveri
1225 2041 1436 2091 nequeat,
1471 2037 1549 2076 nisi
1581 2049 1667 2076 non
1697 2035 1860 2091 petas.’'

497 2114 539 2153 Si
571 2113 740 2153 tertium
770 2125 857 2151 non
883 2110 1030 2158 datur,
1066 2115 1241 2164 optetur
1269 2123 1291 2148 e
1322 2108 1577 2148 dilemmate.
1606 2132 1664 2138 —-—
1690 2107 1866 2146 Mutatio

503 2186 586 2225 fere
611 2184 728 2224 nulla
754 2188 837 2231 est,
869 2195 957 2236 qua
981 2193 1059 2235 pro
1087 2179 1271 2220 absurda
1298 2181 1504 2220 sententia
1536 2180 1755 2219 lucramur
1780 2178 1865 2217 ele-

496 2263 667 2312 gantem
711 2268 832 2294 usum
872 2251 990 2294 verbi
1031 2252 1173 2306 αἰνεῖν,
1205 2251 1326 2306 quod
1360 2250 1585 2305 Euripides
1617 2250 1715 2305 plus
1740 2248 1866 2289 semel

498 2328 642 2384 posuit
669 2340 748 2382 pro
773 2327 935 2381 ἀγαπᾶν
949 2359 965 2380 ,
998 2325 1024 2364 i.
1051 2338 1087 2364 e.
1118 2324 1208 2364 sibe·
1233 2324 1408 2378 imponi
1427 2324 1578 2362 sinere
1603 2320 1726 2376 quod
1729 2318 1867 2374 ferre

501 2413 680 2439 ‘necesse
706 2404 786 2439 est.
819 2397 1012 2452 Denique
1038 2395 1216 2436 dubium
1238 2407 1326 2434 non
1348 2400 1407 2434 est
1434 2393 1541 2448 quin
1567 2391 1742 2432 Tiresias
1762 2391 1867 2431 κακὰ

501 2483 838 2511 commemorans
873 2467 1072 2523 respiciat
1116 2481 1177 2507 vs.
1208 2465 1308 2506 921.
1346 2471 1386 2505 et
1426 2469 1694 2519 sequentem,
1742 2461 1866 2503 πολλὰ

503 2547 608 2583 κακοί
632 2567 688 2572 -
709 2542 770 2583 σοί
794 2540 852 2597 y':
887 2539 1126 2593 eodemque
1156 2537 1324 2585 redeat,
1359 2536 1459 2576 955.
1492 2533 1608 2576 τοῖνδ’
1640 2533 1723 2575 ἑλοῦ
1745 2535 1866 2575 πόνοιν

503 2615 563 2655 τὸν
596 2617 737 2673 {repom
771 2612 930 2668 quibus
960 2610 1169 2650 correctio
1200 2609 1328 2664 plane
1357 2606 1656 2647 confirmatur:
1688 2619 1788 2645 nam
1815 2619 1864 2645 eo

500 2687 710 2740 respicere
742 2685 864 2724 debet
896 2689 1034 2731 vates,
1077 2681 1283 2736 quoniam
1320 2678 1457 2719 Creon
1499 2677 1731 2736 προσπίτνων
1763 2676 1866 2718 nihil

503 2756 690 2809 cogitare
720 2760 887 2811 poterat
922 2754 999 2793 nisi
1033 2753 1132 2792 mali
1164 2751 1535 2805 deprecationem.
