2020 3326
487 212 572 254 248
887 212 1442 253 COMMENTARIUS.

550 350 658 392 1762
684 364 746 404 sq.
790 346 820 390 ὦ
851 352 1005 409 πάτρας
1036 372 1093 377 —
1126 349 1234 408 ἀνήρ.
1279 348 1329 388 In
1358 352 1663 392 controversias
1693 355 1835 394 conie-

485 423 541 462 cit
576 421 908 463 Valckenaerius
938 420 1215 474 Interpretes,
1250 434 1387 475 quum
1417 420 1493 461 hos
1527 422 1634 463 duos
1669 437 1831 473 versus,

487 508 535 532 ex
576 491 802 548 Sophoclis
841 492 1008 547 Oedipo
1050 492 1291 541 arcessitos,
1331 492 1539 547 proscribi
1571 494 1708 534 vellet.
1750 495 1836 535 Ho-

485 579 576 604 rum
593 563 875 604 Firnhaberus
895 570 935 604 et
955 563 1148 604 Klotzius
1174 569 1433 612 sumserunt,
1456 571 1615 605 veteres
1641 565 1838 606 exstitisse

481 637 525 675 -in
556 649 629 675 ore
664 636 816 691 populi
846 636 1078 676 cantilenas
1111 634 1164 674 de
1199 633 1352 689 Oedipi
1383 635 1718 685 calamitatibus,
1757 637 1834 677 eis-

483 721 569 761 que
607 707 663 747 ad
700 707 1050 747 commovendam
1085 706 1294 746 miseriam
1333 712 1422 746 tum
1455 707 1714 762 Sophoclem
1748 714 1838 748 tum

480 778 726 833 Euripidem
758 779 801 819 in
838 781 951 818 exitu
982 777 1225 818 fabularum
1258 791 1428 818 suarum
1460 793 1554 819 usos
1589 793 1692 819 esse.
1737 779 1839 822 Vel-

484 851 566 890 lem
601 850 879 890 demonstrari
917 863 1069 906 posse,
1118 849 1239 904 quod
1280 850 1450 889 minime
1493 850 1718 906 probabile
1761 858 1834 891 est.

483 922 613 978 Apud
636 921 931 971 Athenienses,
966 922 1141 977 opinor,
1177 920 1397 962 obtinebat
1428 922 1536 962 illud
1568 922 1832 972 Telemachi,

482 994 661 1036 maxime
685 994 857 1050 placere
881 994 1156 1043 cantilenam,
1181 998 1259 1042 ἥτις
1289 994 1528 1036 ἀκουόντεσσι
1557 997 1724 1043 νεωτάτη
1755 996 1835 1052 ἀμ-

479 1066 694 1125 φιπέληταιῑ
737 1066 953 1122 iidemque
990 1073 1182 1122 tempore
1223 1066 1518 1122 Aristophanis
1563 1080 1686 1123 aegre
1727 1067 1835 1107 fcre-

484 1138 588 1178 bant
607 1171 616 1187 ,
673 1139 716 1184 ἢν
747 1139 797 1179 τά
830 1137 980 1180 παλαιὰ
1012 1137 1196 1186 πολλάκις
1226 1139 1420 1179 ἓεῶνταιε
1476 1138 1628 1193 quidni
1666 1152 1843 1194 quoque

483 1211 676 1252 άκούωσιΡ
716 1211 937 1251 Praeterea
977 1211 1074 1250 satis
1114 1209 1331 1251 habebant
1363 1210 1661 1259 Athenienses,
1705 1210 1736 1250 si
1767 1224 1842 1251 sua

483 1284 674 1337 ipsorum
712 1282 903 1323 facinora
943 1289 984 1322 et
1023 1282 1202 1337 gloriam
1243 1288 1282 1321 et
1319 1282 1579 1322 calamitates
1623 1287 1838 1322 canerent.

486 1354 571 1394 Sed
598 1368 696 1395 cum
721 1353 908 1394 Porsono
934 1360 975 1394 et
1000 1354 1242 1393 Hermanno
1273 1353 1495 1409 repudiem
1521 1367 1686 1394 versum
1715 1352 1837 1394 1762.

486 1426 523 1475 ὃς
553 1427 603 1469 τὰ
635 1426 742 1467 κλείν’
764 1450 820 1456 -—
850 1427 944 1485 ἀνήρ
957 1461 973 1480 ,
1005 1426 1048 1465 in
1076 1439 1166 1479 quo
1195 1431 1307 1465 certe
1335 1438 1415 1480 pro
1444 1427 1538 1480 ἔγνω
1566 1423 1837 1464 scribendum

487 1499 624 1539 suerat
653 1501 789 1554 ἔγνωνε
824 1498 1335 1553 alioquin-exspectares:
1366 1499 1461 1553 ἔγνω
1493 1522 1548 1526 -—
1579 1497 1764 1553 κατέσχενΔ
1786 1521 1839 1525 -

484 1570 732 1621 ἐξελαύνεται.

548 1642 670 1685 1765.
723 1645 784 1684 νῦν
813 1645 944 1699 ἄτιμος,
975 1641 1086 1690 αὐτὸς
1116 1641 1257 1700 οἰκτράς
1298 1639 1378 1682 κτὲ.
1434 1640 1660 1696 Perperam
1702 1646 1840 1680 tenta-

490 1721 580 1755 tum
610 1721 669 1754 est
697 1714 837 1769 αὐτός,
879 1714 922 1754 in
955 1713 1159 1754 sententia
1190 1713 1432 1767 perspicua.
1479 1712 1698 1752 Manifesto
1731 1711 1842 1751 enim

489 1786 572 1826 hoc
618 1786 722 1826 dicit
763 1785 975 1840 Oedipus:
1028 1787 1110 1840 qai
1157 1785 1281 1824 solus
1335 1786 1575 1824 saevitiam
1622 1783 1841 1839 Sphingis

488 1861 757 1913 compressi,
792 1860 975 1913 eiusque
1003 1863 1220 1897 terrorem
1251 1856 1445 1904 abolem,
1489 1869 1608 1895 nunc
1637 1869 1716 1911 ego
1742 1857 1840 1910 ipse

488 1944 624 1986 regno
665 1935 706 1970 et
746 1929 911 1970 honore
944 1931 1161 1984 privatus
1197 1930 1246 1968 z'n
1280 1928 1490 1968 exsilium
1527 1928 1696 1967 elicior.
1758 1927 1840 1967 Ex—

489 2002 656 2057 pulerat
682 2000 872 2056 Oedipus
903 2000 1160 2056 Sphingem,
1195 2013 1311 2040 nunc
1342 2001 1439 2054 ipse
1469 1998 1708 2054 expellitur.
1749 1998 1841 2038 Hoc

491 2073 712 2129 expedito,
754 2072 845 2112 iure
884 2086 959 2112 suo
1002 2071 1166 2112 admitti
1205 2077 1344 2126 potest
1373 2070 1603 2111 Hermanni
1635 2069 1843 2110 correctio

492 2146 647 2205 οἰκτρῶς
661 2180 675 2199 ,
709 2158 971 2199 quamquam
1004 2157 1089 2184 non
1118 2143 1246 2198 plane
1278 2141 1525 2182 necessaria.
