2020 3326
421 244 506 285 230
823 240 1377 283 COMMENTARIUS.

426 397 487 428 τος
500 415 515 434 ,
547 379 668 434 quod
698 392 785 418 non
814 377 1004 432 intelligo
1031 376 1113 416 nisi
1143 376 1427 432 distinguatur
1464 385 1560 433 post
1591 383 1748 435 αἵματος
1762 415 1778 435 ,

422 459 461 492 et
501 456 659 507 αἵματος
692 449 826 508 ψυχρὰ
858 447 973 503 λοιβα
1003 448 1121 507 φοινία
1151 448 1231 488 sint
1269 449 1466 504 apposita
1495 449 1634 490 verbis
1663 452 1777 493 κοινὸν

423 523 589 564 ένυαλιον
623 522 895 581 μαρναμένους.
941 520 989 560 In
1021 520 1094 560 illa
1125 525 1267 560 autem
1298 521 1619 575 comparatione
1652 522 1776 563 Eteo—

424 596 499 635 clis
529 601 569 634 et
598 594 813 649 Polynicis
842 607 940 634 cum
978 591 1146 632 duobus
1175 590 1367 631 leonibus
1399 592 1689 647 pugnantibus
1717 608 1782 634 re-

422 666 607 720 quiritur
635 666 793 705 mentio
825 664 913 705 eius
941 663 994 703 de
1027 676 1116 718 quo
1145 662 1434 718 pugnabatur.
1474 663 1609 704 Sensit
1641 665 1778 706 Scho-

421 738 563 785 liasta,
610 737 683 778 sed
721 736 874 777 erravit
910 734 1120 776 scribens:
1163 735 1401 791 μαχομένους
1434 735 1515 794 περί
1546 737 1781 795 τραύματα,

421 811 587 851 τουτέστι
622 809 724 864 [del.
748 809 790 864 ἢ]
823 807 905 867 περὶ
938 809 1113 864 σώματος
1143 807 1166 852 ἢ
1199 807 1434 868 παρδάλεως
1465 808 1488 853 ἢ
1518 808 1634 850 ἄλλου
1666 812 1776 859 τινος.

418 882 674 938 Pugnabant
698 888 838 922 autem
860 881 1008 921 fratres
1035 880 1141 919 alter
1163 879 1216 919 de
1243 880 1413 920 alterius
1436 882 1662 936 sanguine,
1687 883 1715 922 i.
1741 897 1778 923 e.

418 954 520 994 vita.
550 954 704 1008 Itaque
725 960 834 993 stare
859 952 1034 1007 quidem
1055 958 1194 1007 potest
1217 952 1578 992 Hermannianum
1602 954 1698 1014 ἀμφὶ
1721 956 1782 997 τύ-

422 1042 518 1081 χαν,
550 1025 623 1065 sed
653 1024 895 1065 accuratius
924 1025 1152 1079 iungentur
1185 1027 1344 1080 αἵματος
1374 1023 1470 1083 ἀμφὶ
1501 1024 1639 1081 τύχαν.
1674 1026 1782 1066 Nam

424 1104 497 1137 aut
522 1111 607 1137 non
632 1097 823 1152 intelligo
845 1095 1156 1143 Hei-mannum,
1187 1102 1260 1134 aut
1289 1094 1418 1135 habet
1447 1096 1571 1152 τύχαν
1600 1110 1678 1152 pro
1703 1104 1783 1137 ter-

422 1170 480 1209 tio
519 1168 874 1224 comparationis,
920 1181 971 1207 eo
1010 1167 1081 1207 cui
1121 1166 1293 1224 ἐνέτυχον
1334 1168 1503 1217 fratres,
1549 1175 1594 1208 ut
1624 1169 1780 1209 leones.

420 1245 581 1296 αἵματος
619 1242 662 1280 in
690 1241 782 1296 ipso
813 1239 974 1279 scholio
1005 1238 1255 1294 Augustano
1286 1240 1479 1280 iunctum
1510 1247 1569 1280 est
1596 1254 1694 1281 cum
1724 1242 1784 1283 τύ·

424 1330 528 1370 χαν5
571 1312 685 1352 unde
714 1325 793 1367 ego
821 1311 998 1366 quidem
1023 1311 1233 1366 expellere
1258 1325 1346 1351 non
1373 1311 1524 1352 audeo.
1555 1312 1779 1367 Sequitur,

421 1384 688 1440 strophicum
730 1397 894 1423 versum
936 1380 1046 1422 1495
1084 1381 1230 1431 hiare,
1271 1383 1313 1422 in
1353 1397 1442 1437 quo
1483 1385 1670 1442 φθιμένων
1711 1392 1784 1425 aut

423 1456 541 1496 aliud
581 1455 769 1511 suppleri
804 1454 982 1509 poterit:
1021 1452 1203 1509 αἰδομένα
1235 1456 1390 1512 φέρομαι
1421 1456 1608 1513 φθιμένων
1641 1455 1782 1512 βοέκχα

425 1528 576 1570 νεκύων.
620 1526 799 1567 Carmen
834 1525 918 1566 hoc
949 1525 1159 1566 inclusum
1191 1525 1312 1565 fuisse
1342 1526 1451 1566 inter
1481 1527 1587 1567 duas
1616 1528 1781 1584 longio-

423 1614 488 1641 res
518 1599 737 1655 strophas‚
774 1598 975 1653 pulcrum
1006 1598 1223 1638 inventum
1251 1604 1310 1637 est
1335 1598 1576 1639 Hermanni.

489 1670 611 1712 1581.
658 1673 850 1730 φοὶσγανον
880 1669 965 1710 εἵσω
997 1669 1136 1728 σαρκὸς
1168 1667 1324 1725 ἔβαψεν.
1379 1669 1606 1711 Pauciores
1649 1671 1777 1711 codd.

429 1744 612 1800 ἔπεμψεν,
643 1743 764 1798 quod
791 1742 1004 1797 spernitur
1029 1740 1083 1780 ab
1114 1740 1442 1796 Inter-pretibus3
1474 1742 1593 1790 mihi,
1624 1743 1778 1791 fateor,

430 1815 677 1871 exquisitius
716 1813 907 1854 videtur:
953 1819 993 1852 et
1039 1812 1373 1854 Valckenaerius
1413 1826 1499 1853 non
1537 1815 1784 1854 meminerat

1520 1886 1590 1927 τάν
1621 1885 1784 1929 λιποπά-

426 1887 668 1943 Euripidei‚
707 1885 782 1926 Or.
812 1884 935 1925 1303.
962 1887 1145 1944 φάσγανα
1177 1886 1342 1941 πέμπετε

426 1977 535 2020 τορα.
599 1959 650 1999 In
697 1961 786 2014 ἄχει
828 1955 871 1998 δὲ
912 1958 1046 1998 τέκνων
1088 1957 1188 2000 &flers
1230 1957 1326 2016 αμφὶ
1361 1958 1530 1999 τέκνοισιν
1568 1971 1654 1998 non
1701 1959 1785 1998 ele-

429 2039 579 2088 ganter
605 2044 704 2071 sane
731 2030 827 2069 lusit
851 2029 981 2069 Poeta
1010 2030 1191 2085 repetito
1217 2029 1602 2084 vocabulo:filc‘os
1629 2030 1786 2086 lugens

431 2119 528 2144 cum
551 2103 675 2158 filiis
717 2103 943 2141 exstincta
974 2106 1064 2141 est:
1107 2115 1196 2156 quo
1231 2100 1334 2141 nihil
1375 2101 1591 2141 confertur
1621 2101 1676 2141 ad
1709 2116 1785 2142 au-

434 2175 620 2232 gendum
651 2173 865 2213 affectum.
911 2172 994 2212 Sed
1026 2187 1124 2214 vera
1153 2179 1293 2212 tamen
1323 2172 1427 2213 hacc
1456 2173 1668 2228 scriptura
1699 2180 1780 2222 est,

432 2261 512 2287 nec
543 2245 778 2286 necessaria
815 2245 1023 2284 correctio
1065 2244 1303 2284 Marklandi
1340 2251 1379 2284 et
1410 2244 1566 2284 Eldikii
1597 2244 1693 2305 ἀμφὶ
1724 2246 1780 2287 νέ-

431 2335 580 2379 ἈρΟῑΟῊ).

496 2389 620 2430 1586.
666 2388 814 2431 πολλῶν
846 2393 974 2429 κακῶν
1007 2386 1170 2447 ὑπῆρξεν
1200 2387 1279 2429 κτὲ.
1334 2388 1510 2429 Variant
1541 2388 1709 2429 codices
1743 2389 1784 2428 in

436 2461 718 2502 collocatione
749 2460 994 2501 verborum:
1027 2473 1107 2500 nec
1133 2460 1307 2508 mirum,
1337 2474 1473 2514 quum
1502 2460 1625 2500 variis
1651 2460 1787 2500 modis

438 2533 655 2588 transponi
695 2533 869 2588 possint.
925 2531 1259 2573 Valckenaerius
1293 2531 1430 2571 minus
1465 2538 1580 2571 recte
1609 2531 1668 2571 sic
1699 2531 1786 2570 edi-

439 2604 522 2643 dit:
566 2604 713 2645 πολλῶν
744 2602 905 2654 ὑπῆρξεν
935 2602 1098 2646 Οἰδίπου
1131 2608 1258 2644 κακῶν
1288 2601 1437 2658 ὃόμοιςε
1472 2603 1524 2642 de
1564 2617 1652 2658 quo
1682 2603 1786 2643 Her-

438 2688 638 2715 mannus:
692 2676 794 2716 »liic
832 2676 938 2716 ordo
980 2675 1206 2716 verborum
1243 2674 1553 2717 Valckenaerio
1593 2680 1783 2721 contorta

439 2747 595 2786 amanti
627 2748 831 2801 placuit.’'
890 2747 1055 2788 Mallem
1086 2747 1333 2787 sententiam
1366 2745 1420 2785 ab
1451 2746 1691 2785 Hermanno
1721 2758 1786 2784 ex-
