2020 3326
441 257 526 299 208
847 254 1409 296 COMMENTARIUS.

440 393 577 432 nimus
622 392 678 432 ad
719 398 800 430 tres
843 402 1012 436 versus,
1068 402 1255 442 quorum
1301 388 1427 430 obelo
1474 391 1810 433 Valckenaerius

441 465 595 503 multos
625 461 911 503 conturbavit.
948 460 987 499 Is
1014 474 1151 513 quum
1178 459 1437 501 observasset
1465 468 1695 518 utrumque
1722 464 1809 503 fra-

441 540 546 573 trem
586 547 734 588 preces
786 546 881 572 suas
927 530 1098 570 duobus
1141 531 1329 571 versibus
1375 533 1585 581 fundere,
1643 533 1810 574 addidit

441 605 513 643 illa
542 618 738 659 expressa
764 617 849 643 esse
875 616 925 642 ex
952 602 1187 642 Homericis
1218 602 1268 642 Il.
1296 603 1376 642 ΙΙΙ.
1404 604 1502 644 351.
1538 604 1807 645 Rectissime:

438 688 524 715 non
566 681 707 714 autem
745 672 1017 730 significabat
1059 674 1150 728 ipsa
1181 687 1360 728 precum
1395 675 1548 724 verba,
1600 675 1674 715 sed
1714 675 1811 716 uni-

439 760 600 787 versam
639 760 792 786 scenae
831 745 1180 793 adornationem,
1232 760 1424 801 pugnam
1456 747 1712 802 singularem
1754 747 1811 787 ad.

440 817 787 873 componendum
818 816 999 865 bellum,
1039 815 1114 871 (ef.
1145 822 1289 856 nostra
1323 816 1379 856 ad
1401 831 1461 858 vs.
1487 817 1627 872 1367.)
1662 831 1811 872 preces

439 889 655 943 utrimque
677 889 812 929 factas
838 888 947 928 binis
964 887 1177 937 versibus;
1205 902 1390 941 quarum
1422 888 1559 928 forma
1576 902 1626 928 ex
1654 889 1810 928 Home-

438 959 825 1000 ricis-adumbrata
851 965 970 998 esset.
1005 958 1163 997 Tamen
1193 972 1281 998 non
1309 958 1455 1014 effugit
1473 959 1586 999 hanc
1602 959 1810 1000 Herman—

439 1031 482 1071 ni
513 1031 944 1071 animadversionem:
996 1030 1128 1069 »lusit
1158 1029 1404 1084 importune
1445 1031 1617 1085 copiam
1648 1044 1810 1070 memo-

439 1103 524 1142 riae
554 1102 821 1150 ostentans‚''
857 1115 993 1156 quum
1020 1100 1197 1140 laudare
1226 1100 1295 1140 hie
1319 1100 1532 1141 debuisset
1563 1101 1812 1141 memoriam

440 1187 553 1228 quae
585 1180 670 1214 tam
705 1174 823 1213 utilia
851 1179 891 1212 et
920 1179 1023 1228 apta
1050 1171 1400 1212 subministraret.
1443 1173 1502 1212 De
1536 1172 1812 1213 »ostentatio-

440 1245 529 1284 ne’⁷
562 1245 634 1284 illa
667 1245 769 1284 alias
798 1244 956 1285 dicam.
999 1243 1085 1283 Sed
1115 1244 1303 1298 expungi
1335 1244 1429 1283 illos
1457 1250 1538 1284 tres
1569 1258 1710 1285 versus
1735 1257 1811 1284 vo-

443 1316 520 1355 luit
554 1316 914 1358 Valckenaerius:
959 1322 999 1355 et
1028 1315 1214 1369 primum
1247 1315 1450 1369 quidem,
1489 1315 1608 1370 quod
1639 1315 1812 1370 Polyni-

442 1400 511 1426 ces
539 1387 601 1426 sui
624 1386 832 1425 dissimilis
863 1392 966 1425 esset
1001 1385 1095 1440 (qui
1124 1399 1279 1425 causae
1306 1400 1406 1426 suae
1438 1387 1654 1441 aequitate
1680 1386 1813 1426 fretus

441 1457 496 1497 ad
527 1471 601 1497 sua
631 1456 867 1513 repetenda
899 1456 1123 1510 venisset),
1166 1456 1198 1495 si
1228 1470 1345 1495 nunc
1378 1456 1582 1496 dedecori
1612 1456 1691 1496 sibi
1722 1457 1812 1496 fore

442 1514 664 1570 rictoriam
710 1529 928 1568 fateretur.
989 1526 1198 1567 Concedit
1239 1527 1531 1576 Hermannus‚
1584 1527 1691 1567 haec
1736 1527 1813 1567 ad-

442 1601 567 1640 dens:
617 1600 725 1640 »etsi
762 1613 849 1639 non
885 1605 945 1638 est
979 1612 1029 1638 ex
1061 1597 1176 1638 omni
1207 1604 1330 1652 parte
1359 1612 1520 1638 verum.
1574 1598 1670 1639 Non
1702 1599 1813 1638 enim

442 1671 669 1711 dedeceret
696 1670 967 1724 Polynicem,
1002 1682 1082 1709 nec
1116 1669 1178 1708 sui
1208 1669 1277 1708 ille
1307 1669 1514 1709 dissimilis
1546 1676 1676 1718 esset,
1712 1670 1743 1709 si
1770 1683 1811 1709 se

441 1743 726 1798 turpissimam
752 1741 957 1781 fateretur
983 1740 1206 1781 victoriam
1232 1741 1418 1795 precari,
1449 1740 1579 1780 modo
1607 1740 1807 1790 adderet,

442 1814 486 1853 id
516 1827 558 1854 se
590 1813 768 1854 invitum
800 1819 840 1851 et
873 1817 1073 1851 coactum
1100 1811 1284 1851 facere.’'
1329 1812 1445 1852 Haec
1478 1811 1606 1852 verba
1638 1812 1669 1851 si
1695 1818 1810 1852 reete

441 1887 719 1939 interpretor,
755 1882 864 1922 ratio
896 1883 955 1922 sic
989 1881 1291 1921 concludenda
1324 1889 1408 1922 est:
1454 1883 1607 1937 »atqui
1638 1882 1811 1938 Polyni-

441 1970 510 1996 ces
539 1956 615 1995 ista
641 1968 728 1994 non
754 1953 896 1993 addit:
931 1966 1032 2008 ergo
1062 1953 1125 1992 sui
1153 1953 1360 1993 dissimilis
1387 1959 1471 2001 est,
1505 1953 1618 1994 unde
1647 1955 1809 2009 optime

442 2027 719 2067 ratiocinatus
750 2031 809 2065 est
838 2024 1202 2073 Valckenaerius‚
1233 2024 1447 2079 huiusque
1479 2025 1699 2065 conclusio
1725 2039 1812 2066 non

442 2099 622 2153 partim,
660 2096 733 2136 sed
762 2096 927 2151 integra
964 2095 1230 2135 admittenda
1262 2096 1365 2136 est.'’
1401 2121 1451 2126 -—
1479 2095 1639 2147 Quidni
1670 2098 1812 2151 potius

444 2171 545 2210 fecit
575 2170 865 2217 Ilcrmannus,
908 2167 1031 2222 quod
1060 2167 1201 2207 facere
1234 2174 1433 2222 poterat,
1471 2173 1517 2207 ut
1546 2167 1663 2207 illam
1692 2167 1811 2208 inviti

444 2241 572 2281 animi
617 2239 973 2295 significationem
1017 2239 1061 2279 in
1106 2238 1244 2279 verbis
1290 2238 1504 2293 precantis
1542 2238 1810 2278 restitueret?

440 2313 646 2353 Canterus
680 2324 759 2366 pro
801 2310 897 2351 αἰτῶ
929 2310 1111 2350 correxit
1143 2310 1282 2351 αἰτώνε
1322 2310 1610 2349 Hermannus:
1657 2327 1672 2346 1>
1693 2309 1808 2360 Quid

443 2384 497 2423 ad
529 2383 637 2423 haec
665 2381 1033 2424 Valckenaerius?
1060 2381 1195 2436 αἰτῶν,
1228 2381 1396 2435 inquit,
1424 2394 1477 2419 eo
1506 2379 1805 2429 reficiendum,

437 2454 558 2509 quod
588 2453 790 2508 proximis
819 2459 1009 2507 quatuor
1040 2452 1230 2494 versibus
1258 2452 1388 2500 nihil,
1430 2465 1519 2506 quo
1550 2451 1695 2490 referri
1727 2465 1806 2506 po-

442 2526 594 2573 tuerit,
628 2530 930 2579 praecesserat.
973 2524 1085 2579 Ergo
1116 2538 1169 2563 ne
1199 2522 1417 2578 cogitabat
1448 2521 1624 2577 quidem
1654 2520 1808 2562 Cante-

436 2609 530 2634 rum
558 2609 643 2635 non
675 2595 796 2649 quod
826 2595 997 2650 linguae
1025 2594 1190 2650 legibus
1221 2599 1480 2649 repugnaret
1512 2592 1806 2633 coniecturum

440 2667 582 2713 fuisse,
625 2679 704 2706 nec
743 2666 946 2714 videbat,
992 2666 1024 2706 si
1057 2666 1101 2706 in
1138 2672 1327 2720 quatuor
1366 2664 1452 2704 istis
1485 2662 1671 2704 versibus
1700 2663 1805 2703 nihil

437 2743 540 2776 essct
572 2750 660 2791 quo
691 2737 955 2792 participum
985 2736 1093 2777 illud
1123 2737 1370 2784 referretur,
1408 2740 1450 2774 at
1481 2734 1689 2787 scriptum
1721 2747 1807 2774 esse
