2020 3326
356 269 414 309 88
758 257 1320 302 COMMENTARIUS.

360 405 446 444 iam
489 401 613 442 altius
655 399 699 438 in
739 395 851 440 scala
897 399 1091 434 stantem.
1152 392 1269 432 Haec
1313 392 1442 448 igitur
1481 392 1751 434 dubitanter'

360 474 592 514 finxeram:
652 477 769 508 nun‘c
815 464 935 505 haud
984 463 1258 503 mediocriter
1301 463 1580 504 confirmatus
1632 479 1725 505 sum

358 543 556 595 suffragio
587 540 633 581 C.
664 539 712 579 E.
742 536 984 592 Geppertii,
1020 535 1168 574 similia
1208 534 1402 575 docentis
1428 536 1472 575 in
1507 535 1726 576 utilissimo

359 615 468 655 libro
509 610 758 652 Germanice
798 609 983 662 seript0‚
1035 605 1088 646 de
1132 606 1262 647 veteri
1304 620 1431 646 scena
1466 606 1634 656 Attica,
1680 622 1723 661 p.

364 685 459 726 144.
498 684 573 739 qui
604 696 740 737 quum
779 678 981 720 coniiciat
1022 677 1141 717 haud
1182 677 1422 718 dissimilem
1452 678 1580 718 fuisse
1612 678 1726 718 hanc

362 755 687 797 adornationem
727 749 1025 805 descriptionis
1064 748 1235 789 aedium
1280 750 1435 804 Ulyssis
1476 750 1725 791 Homerica-

359 843 479 876 rum,
521 831 672 881 utpote
712 824 756 863 in
790 821 949 877 quibus
979 819 1162 880 ὑπερώϊον
1189 820 1437 860 mulieribus
1468 821 1727 861 destinatum

359 905 482 948 esset,
518 909 668 939 vereor
696 908 748 934 ne
774 893 952 933 nimium
980 892 1194 940 sumserit,
1232 891 1443 946 siquidem
1471 892 1603 932 Poeta
1631 906 1724 934 ver-

360 972 423 1012 bis
462 971 609 1027 μεθῆκε
651 966 862 1025 μελάθρων
904 963 940 1012 ἐς
974 963 1100 1024 διῆρες
1133 965 1300 1020 ἔσχατον
1339 962 1621 1018 designaverit
1652 977 1724 1004 ex-

360 1050 538 1083 tremam
568 1040 758 1094 aliquam
787 1042 955 1091 partem
985 1034 1181 1083 aedium,
1221 1048 1244 1074 a
1277 1033 1487 1093 μελάθροις
1518 1041 1725 1074 remotam

364 1111 591 1171 (gallerz'e)
611 1141 621 1159 ,
655 1108 770 1149 unde
798 1122 848 1148 ex
877 1106 1197 1161 contignatione
1229 1105 1285 1145 ad
1312 1112 1473 1145 tectum
1505 1105 1726 1146 adscensio

359 1190 543 1242 pateret.
573 1206 631 1212 —-
655 1181 773 1220 Haec
800 1179 942 1219 omnia
970 1177 1185 1218 contraria
1210 1190 1298 1217 esse
1322 1177 1446 1218 video
1473 1177 1610 1218 verbis
1635 1177 1727 1217 Pol-

360 1257 492 1304 lucis,
517 1255 550 1294 I.
581 1252 650 1293 81.
686 1253 708 1296 ἡ
733 1250 777 1292 δε
808 1249 983 1306 διστεγία
1017 1248 1106 1292 ποτὲ
1138 1248 1204 1305 μὲν
1236 1248 1272 1290 ἐν
1302 1249 1391 1307 οἴκῳ
1425 1247 1607 1306 βασιλείῳ
1639 1247 1724 1294 διῆ-

360 1345 421 1388 ρες
464 1325 688 1382 δωμάτιον,
731 1321 801 1364 οἷον
851 1322 914 1380 ἀφ’
948 1318 988 1362 οὗ
1030 1321 1066 1362 ἐν
1099 1321 1310 1369 Φοινίσσαις
1344 1323 1366 1365 ἡ
1399 1321 1592 1377 Ἀντιγόνη
1634 1320 1725 1375 βλέ-

361 1416 419 1442 πει
452 1398 513 1440 τὸν
557 1397 740 1457 στρατόν.
787 1393 959 1433 Scilicet
993 1393 1036 1432 in
1073 1392 1157 1432 hoc
1188 1393 1285 1432 loco
1317 1392 1565 1433 obscuriore
1595 1393 1725 1433 inter-

360 1469 573 1526 pretando
607 1481 695 1508 non
729 1464 924 1512 aliunde,
975 1463 1049 1503 sed
1080 1462 1134 1503 ab
1170 1463 1263 1518 ipso
1302 1464 1506 1518 Euripide
1538 1464 1725 1504 docendi

359 1554 519 1582 sumus,
562 1539 877 1591 Relinquamus
900 1534 1029 1590 igitur
1065 1533 1220 1583 doctO,
1254 1548 1334 1574 nec
1367 1535 1464 1574 satis
1494 1542 1720 1583 accurato,

361 1611 648 1653 Grammatico
681 1622 805 1648 suum
841 1611 1152 1653 commentum,
1196 1604 1318 1658 quod
1347 1605 1504 1645 nollem
1532 1612 1726 1646 secutum

361 1698 447 1724 esse
477 1679 838 1725 Valckenaerium
869 1676 923 1717 ad
957 1690 1015 1717 vs.
1049 1674 1153 1715 108:
1195 1676 1295 1715 item
1325 1676 1569 1726 Eustathio,
1610 1691 1724 1731 quae

362 1753 546 1795 absurde
584 1751 731 1799 finxit,
774 1750 806 1789 si
846 1761 991 1789 revera
1037 1747 1146 1786 haec
1188 1754 1498 1787 commentatus
1538 1755 1624 1797 est,
1670 1749 1725 1789 ad

362 1825 503 1866 Iliad.
524 1824 602 1864 III.
632 1821 726 1862 139.
767 1819 986 1881 πρεσβύτην
1019 1817 1259 1860 διδάσκοντα
1300 1818 1352 1860 ἐκ
1393 1823 1477 1861 τοῦ
1517 1821 1724 1877 τείχους

359 1897 483 1941 πολλοὶ
516 1900 591 1938 τῶν
622 1893 696 1944 ἔξω
728 1895 794 1937 τὴν
825 1891 1025 1946 βασιλικὴν
1055 1889 1209 1932 νεανίᾶα
1221 1925 1237 1945 ,
1271 1890 1393 1945 quod
1423 1904 1618 1949 promere
1643 1906 1724 1946 po-

359 1970 439 2010 tuit
468 1982 518 2008 ex
535 1980 621 2007 uno
639 1965 1021 2020 Argumentorum‚
1054 1963 1133 2002 nisi
1163 1976 1259 2002 eum
1282 1961 1478 2001 librarius
1495 1962 1726 2003 calumnia-

359 2048 426 2080 tus
456 2039 524 2087 sit,
559 2050 700 2077 errore
727 2034 914 2075 scribens
951 2034 1097 2090 τείχους
1121 2047 1200 2089 pro
1236 2034 1392 2089 τέγους,
1425 2033 1547 2087 quod
1572 2033 1721 2074 Eusta-

357 2111 470 2152 thius
499 2108 710 2164 scripsisse
740 2106 924 2147 videtur.

419 2183 499 2224 117
536 2195 599 2235 sq.
661 2179 712 2218 In
752 2184 865 2217 tecto
908 2176 1122 2230 Antigone
1163 2175 1342 2215 sollicite
1383 2188 1524 2214 senem
1569 2183 1717 2231 rogat,

363 2253 499 2293 sintne
529 2257 680 2306 portae
711 2248 826 2289 urbis
854 2248 1032 2287 firmiter
1063 2247 1248 2286 clausae.
1289 2246 1396 2285 Tum
1426 2246 1639 2300 sequitur:

408 2323 502 2366 HA.
566 2324 731 2382 θάρσει,
763 2323 815 2362 τοί
849 2320 883 2375 γ’
918 2317 1021 2359 ἔνδον
1054 2317 1240 2376 ἀσφαλῶς
1273 2319 1350 2373 ἔχει
1383 2317 1504 2365 πόλις.

565 2394 650 2435 ἀλλ’
685 2393 809 2452 εἷςόρα
842 2391 905 2433 τὸν
936 2394 1105 2450 πρῶτον,
1137 2390 1168 2430 εἷ
1200 2388 1325 2443 βούλει
1358 2390 1514 2445 μαθεῖν.

514 2465 646 2509 ANT.
708 2465 763 2513 τίς
795 2459 901 2511 οὗτος
932 2462 950 2503 ὁ
981 2461 1208 2521 λευκολόφας
1221 2496 1237 2515 ,

711 2536 867 2596 πρόπαρ
899 2533 937 2582 ὃς
969 2535 1121 2589 ἁγεῖται
1151 2535 1320 2592 στρατοῦ

710 2606 945 2663 πάγχαλκον
976 2603 1110 2647 ἀσπίδ’
1145 2603 1242 2663 ἀμφὶ
1275 2602 1376 2662 βρα-

707 2679 817 2734 χίονα
850 2678 1060 2736 κουφίζων5

403 2748 497 2791 ΠΛ.
562 2748 749 2804 λοχαγός,
780 2746 810 2790 ὦ
833 2749 1027 2792 δέσποινα.
1095 2746 1227 2789 ΑΝΤ.
1265 2745 1318 2792 τίς
1340 2744 1458 2787 πόθεν
1481 2744 1631 2799 γεγώς
