2020 3326
401 254 481 295 138
800 251 1357 293 COMMENTARIUS.

391 389 573 429 tenebas.
625 388 779 440 Itaque
823 386 932 440 quid
971 399 1080 440 opus
1122 392 1181 425 cst
1224 392 1270 426 ut
1315 387 1358 426 in
1395 393 1574 447 σκῆπτρα
1605 394 1756 448 κρατεῖν

390 461 635 499 insolentem
687 456 1018 511 productionem
1075 457 1249 497 ultimae
1308 458 1496 512 syllabae
1554 461 1752 502 vocabuli

388 536 567 588 σκῆπτρα
598 527 856 568 toleremus?

446 600 545 640 599.
587 598 729 656 ἐγγὺς,
761 598 802 640 οὐ
835 598 964 657 πρόσω
997 595 1184 652 βέβηκας.
1230 599 1337 640 Ι11(16
1363 599 1417 640 ab
1444 601 1620 641 Reiskio
1643 603 1753 642 mul-

388 672 416 711 ti
450 677 725 711 correxerunt
757 669 950 725 βεβηκώς.
996 669 1077 709 Pro
1107 671 1281 726 vulgato
1312 672 1600 728 propugnavit
1628 674 1752 714 Klot-

388 744 477 783 zius
517 748 705 782 vertens:
739 743 927 797 procul,
972 755 1060 781 non
1093 742 1223 797 longe
1258 742 1313 782 ab
1348 757 1397 784 eo
1437 749 1559 783 slas:
1594 744 1753 800 inquo

384 814 489 854 nibil
530 819 590 853 est
621 813 742 868 quod
774 814 941 868 culpari
971 813 1118 868 possit.
1168 813 1341 854 Poterat
1380 814 1539 855 addere
1577 814 1752 870 βεβηκώς

384 899 472 924 non
512 891 715 924 accurate
751 884 1010 940 respondere
1046 883 1184 924 verbis
1218 885 1274 934 τίς
1306 883 1379 928 ὧδ’
1413 889 1616 946 ἅτρωτος,·
1659 888 1750 929 Re-

383 956 637 1010 sponderct‚
679 956 711 994 si
744 963 927 1012 rogasset
958 956 1203 1010 Polynices:
1237 957 1421 998 ubinam
1453 959 1532 999 ille
1562 964 1629 999 esc
1657 964 1750 999 lam

385 1026 768 1067 invulnerabilis?

439 1098 537 1138 615.
585 1100 629 1139 οὔ
658 1114 700 1139 σε
733 1098 907 1154 ίθεμιτόν.
951 1096 1190 1153 Scripserat
1222 1098 1416 1139 Klotzius
1446 1099 1499 1139 (16
1530 1100 1752 1141 coniectu-

380 1184 449 1211 ra:
482 1170 523 1212 οὺ
557 1171 704 1226 ἓεμιτοί
736 1187 808 1211 σοι.
852 1170 944 1210 Hoc
975 1175 1090 1209 certe
1125 1170 1191 1211 vel
1220 1170 1343 1210 metri
1372 1184 1500 1211 causa
1531 1171 1754 1213 admittere

380 1255 467 1281 non
504 1241 639 1282 licuit.
689 1242 841 1282 Nostra
872 1241 1104 1295 scriptura,
1149 1255 1264 1296 quae
1292 1242 1428 1281 facilis
1454 1249 1512 1281 est
1544 1244 1754 1283 correctio

382 1313 702 1367 Musgravianae
733 1312 924 1352 lectionis
958 1312 998 1353 οὐ
1021 1313 1175 1368 θεμιτόν
1206 1328 1277 1367 σε,
1314 1318 1354 1352 et
1383 1327 1406 1353 a
1437 1314 1652 1369 plerisque
1684 1328 1750 1354 rc-

382 1390 533 1439 cepta‚
566 1397 654 1423 11011
685 1383 809 1424 video
838 1397 915 1423 cur
946 1383 1088 1423 denuo
1119 1384 1275 1424 vitiosis
1305 1391 1604 1438 postponatur.

437 1454 535 1494 633.
584 1454 656 1511 οὐχ
689 1454 783 1496 ἑκὼν
813 1455 890 1513 γὰρ
924 1451 1070 1509 ἦλθον,
1112 1458 1216 1496 ἄκων
1248 1453 1286 1495 δ’
1309 1454 1556 1511 ἐξελαύνομαι
1587 1457 1745 1512 χθονός.

380 1526 458 1565 'llic
488 1526 659 1565 Klotzio
692 1539 870 1581 quoquc
900 1525 1059 1566 accidit
1091 1532 1136 1566 ut
1169 1532 1360 1566 narraret
1392 1527 1753 1569 Valckenaerium

383 1597 745 1652 ›)p1·0nuntiasse''
776 1597 893 1637 hunc
921 1611 1085 1638 versum
1112 1597 1387 1638 subditicium
1417 1612 1517 1638 esse.
1557 1599 1748 1653 Scripse-

380 1674 446 1708 rat
489 1675 632 1708 autem
663 1668 734 1709 hic
769 1669 813 1708 in
844 1669 929 1708 fine
960 1675 1087 1708 notae
1119 1669 1174 1709 ad
1206 1669 1247 1708 h.
1274 1669 1303 1708 l.
1353 1669 1551 1709 »Eruditi
1583 1670 1753 1710 lectoris

379 1739 498 1794 optio
538 1740 609 1788 sit,
651 1740 900 1795 Euripidinc
945 1754 1087 1780 versus
1132 1740 1292 1780 inutilis
1333 1740 1384 1779 sit
1431 1740 1749 1786 attribuendus,

378 1825 435 1851 an
478 1811 798 1866 interpolatori·;
841 1815 871 1851 si
901 1811 1001 1850 mihi
1034 1812 1162 1851 datur
1191 1810 1325 1851 libera
1355 1811 1497 1866 optio,
1538 1812 1750 1869 posterius

595 1883 618 1898 '⁷
659 1882 806 1922 Eidem
835 1882 1003 1923 videtur
1035 1882 1371 1924 Valckenaerius
1413 1883 1563 1923 »nulla
1594 1882 1750 1923 idonea

378 1967 507 1993 causa
542 1954 716 1993 motus''
759 1953 877 1993 hunc
918 1967 1084 1994 versum
1120 1952 1396 2008 improbasse.
1454 1954 1521 1994 An
1551 1954 1656 1994 nihil
1688 1961 1747 1994 est

377 1882 588 1937 elegerim.

380 2025 502 2064 tertio
532 2023 690 2064 abhinc
723 2038 843 2064 versu
869 2023 1021 2064 dixisse
1049 2024 1317 2079 Polynicem:
1352 2024 1402 2072 ὡς
1424 2027 1584 2081 ἄτιμος,
1616 2026 1749 2085 οἰκτροὶ

380 2099 575 2152 πάσχων,
607 2095 856 2152 ἐξελαύνομαι
879 2096 1051 2151 χθονόςἐ)
1083 2103 1173 2136 turn
1204 2095 1298 2138 ἑκὼν
1326 2103 1366 2136 et
1392 2100 1495 2138 ἄκων
1521 2098 1579 2137 ita
1605 2111 1747 2153 oppo-

380 2169 421 2208 ni
463 2174 509 2208 ut
549 2168 662 2207 lusus
701 2167 938 2208 rhetoricus
980 2174 1100 2207 exeat
1142 2167 1341 2223 indignus
1381 2161 1629 2208 obtestantis
1671 2168 1753 2208 do-

380 2239 502 2279 lore?
543 2253 645 2279 nam
677 2239 752 2293 qui
779 2239 818 2280 vi
847 2239 1015 2279 ciieitur
1054 2238 1250 2294 profecto
1289 2242 1392 2280 ἄκων
1432 2238 1545 2287 abit,
1587 2245 1633 2279 ut
1664 2239 1749 2279 hoc

381 2323 718 2351 commemorans
755 2310 899 2365 potius
937 2311 1065 2350 risum
1110 2324 1243 2364 quam
1284 2310 1617 2350 misericordiam
1654 2323 1749 2349 mo-

380 2387 489 2421 veat.
543 2381 743 2437 Indulget
782 2395 1109 2436 nonnumquam
1140 2381 1364 2436 Euripides
1394 2381 1457 2421 his
1483 2380 1656 2421 lusibus.
1691 2404 1749 2409 —

382 2453 501 2492 Esto:
544 2466 598 2493 an
629 2466 798 2493 necesse
830 2454 908 2493 fuit
936 2451 1043 2498 ἦλθον
1074 2460 1114 2493 ct
1145 2452 1346 2509 ἐλαύνομαι
1376 2459 1462 2493 tam
1490 2453 1633 2507 inepte
1662 2464 1743 2506 op-

382 2523 516 2578 poni?
555 2524 709 2564 etenim
742 2525 916 2565 confido
944 2526 1205 2579 interpretes
1245 2523 1364 2570 ἦλὲον
1398 2524 1595 2578 accipere
1635 2529 1743 2562 tam-

385 2608 516 2648 quam
547 2594 710 2635 dictum
741 2595 793 2636 de
824 2596 964 2636 hostili
994 2597 1260 2652 aggressione
1291 2610 1388 2636 cum
1415 2595 1628 2642 exercitu,
1657 2607 1745 2634 non

386 2663 438 2703 (16
461 2663 545 2704 1106
572 2665 777 2716 adventu,
806 2674 987 2708 vocante
1012 2654 1159 2708 matress
1195 2667 1238 2707 Si
1266 2667 1497 2707 efficaciter
1521 2665 1744 2705 inculcan-

386 2735 488 2775 dum
532 2742 620 2775 erat
668 2750 745 2776 cur
799 2739 928 2793 culpa
970 2745 1073 2778 esset
1114 2752 1243 2793 penes
1286 2738 1524 2786 Eteoclem‚
1587 2737 1747 2777 diecret
