2020 3326
582 174 1150 221 COMMENTARIUS.
1478 170 1552 210 lll

188 322 360 379 Θήβαις.
414 321 533 362 Haec
575 316 717 358 attulit
754 315 1024 355 Hermannus
1052 312 1095 352 in
1125 308 1442 352 Commentario
1483 306 1564 357 So-

188 396 383 454 phoclis:
430 392 535 433 mihi
576 390 697 430 aliter
739 385 993 441 corrigenda
1043 384 1140 426 visa.
1210 382 1379 423 Minime
1422 386 1566 420 autem

193 467 398 509 satisfacit
429 462 551 519 quod
583 460 772 515 scripsit:
819 457 1088 497 »exsecratio
1126 456 1169 496 in
1211 455 1284 494 illa
1315 452 1462 493 fabula
1499 450 1564 506 (S.

191 540 255 581 ml
284 538 378 593 Th.)
418 539 680 576 memoratur
711 544 769 572 vs.
796 530 905 576 715,
950 529 1025 568 sed
1055 528 1160 568 nihil
1193 526 1247 567 de
1279 539 1329 566 eo
1362 539 1441 566 cur
1470 523 1572 563 diris

193 609 410 652 devoverit
441 605 635 659 Oedipus
674 603 784 642 filios
822 601 975 641 suos:'’
1027 599 1199 640 Notavit
1235 598 1344 638 haec
1379 595 1571 637 Sterkius

193 696 312 723 meus
348 680 415 720 De
449 676 638 717 Labdac.
666 673 787 714 IIc'st.
816 688 859 727 p.
895 671 990 712 100.
1049 671 1214 723 Quodsi
1247 669 1485 723 Aeschylus
1518 680 1572 707 ne

191 753 323 796 verbo
367 749 545 806 quidem
577 748 666 787 eius
697 758 853 786 causae
887 743 1162 791 meminisset,
1204 755 1282 781 cur
1314 740 1574 780 Scholiastes

195 826 314 866 hunc
352 822 497 878 potius
543 833 676 875 quam
722 815 998 871 Euripidem,
1043 820 1117 855 aut
1153 812 1307 869 quidni
1340 819 1574 866 utrumque

199 891 589 939 commemoraret?
665 888 931 929 Scholiastae
986 886 1274 926 testimonium
1329 882 1542 924 constabit
1562 911 1574 930 ,

197 981 348 1025 spero,
383 972 424 1005 et
456 965 611 1004 Poetae
642 960 764 1016 quod
796 959 970 1014 reliquit
1000 959 1271 1005 restituetur,
1304 961 1471 996 mutato
1503 967 1578 994 ac-

201 1046 332 1080 centu
373 1035 600 1077 scribendo
644 1033 788 1092 ἀραιοῖς
820 1038 859 1072 et
891 1037 1052 1091 τροφοῖς.
1108 1029 1263 1084 Itaque
1302 1040 1443 1069 versus
1479 1026 1580 1066 istos

201 1111 261 1152 sic
297 1107 559 1150 refinxerim:

411 1180 634 1239 πατροφόνῳ
666 1175 750 1236 χερὶ

411 1252 700 1312 κρεισσοτέκνων
732 1248 788 1305 ὅγ’
822 1247 890 1290 ἀπ’
925 1247 1112 1304 ὀμμάτων
1144 1243 1388 1299 ἑπλοξγχὲη·

413 1326 569 1367 τέκνοισι
601 1322 634 1365 τ’
667 1322 811 1381 ἀραιοῖς

410 1397 542 1456 ἐφῆκεν
572 1394 764 1442 ἐπικότους
796 1398 969 1452 τροφοῖς,

415 1470 455 1511 αἲ
486 1470 525 1510 a}
538 1504 554 1524 ,
595 1466 907 1528 πικρογλώσσους
939 1465 1057 1524 ἀράς.

209 1545 406 1597 Quorum
423 1541 594 1582 duobus
622 1538 839 1596 prioribus
871 1535 1062 1579 versibus
1088 1531 1386 1588 antisti-Ophici
1418 1529 1478 1571 sic
1505 1543 1585 1586 ap-

210 1615 353 1657 tandi:
396 1618 606 1671 κτῆματα·
653 1615 715 1654 vsu
747 1611 844 1671 τρέω

459 1688 511 1744 μὴ
544 1685 677 1743 τελέσῃ
710 1682 810 1727 τάδε
841 1681 1061 1739 καμψίπους
1095 1677 1260 1738 Ἐρινύς.

211 1766 258 1800 ut
306 1758 584 1815 logaoedicus
637 1755 826 1811 excipiat
873 1753 1152 1800 doehmium,
1209 1759 1435 1790 numerose
1480 1750 1591 1785 stro—

212 1831 349 1887 pham
381 1830 601 1871 claudens.

276 1901 378 1942 340.
426 1902 673 1942 Lectionem
710 1898 838 1939 huius
867 1910 1010 1938 versus
1041 1893 1242 1935 stabilivit
1274 1888 1508 1946 disputatio
1539 1886 1594 1926 de

211 1980 348 2014 metro
378 1973 550 2028 Bergkii
573 1972 617 2012 in
638 1971 752 2010 Diar.
777 1969 925 2023 Antiq.
962 1966 1087 2007 1835.
1115 1981 1160 2020 p.
1179 1963 1280 2005 949.

277 2043 378 2085 344.
438 2043 597 2085 ἄλαστα
639 2040 756 2100 ματρὶ
797 2039 897 2095 τᾷδε
937 2039 1008 2081 Λα
1044 2037 1052 2094 1
1088 2038 1135 2095 ’ίῳ
1178 2052 1218 2078 τε
1261 2039 1316 2092 τῷ
1357 2031 1592 2088 παλαιγενεῖ.

220 2117 440 2157 Klotzius:
490 2128 610 2154 »non
640 2113 855 2168 perspexit
881 2125 971 2150 rem
995 2107 1356 2155 Valekenaerius,
1398 2104 1474 2159 qui
1503 2104 1598 2144 Koz-

222 2188 313 2246 ὃμῳ
338 2201 419 2244 pro
446 2186 566 2244 Λαΐῳ
594 2184 774 2227 voluit.”
811 2182 926 2235 Quid
954 2181 1046 2237 ipse
1076 2181 1140 2222 vir
1166 2179 1347 2220 doctus?
1378 2195 1394 2214 ι)
1412 2174 1512 2232 τᾷδε
1540 2199 1598 2205 -

221 2260 391 2301 aceedit
422 2259 478 2299 ad
511 2270 668 2298 nomen
700 2254 842 2314 ματρί,
886 2259 1146 2309 propterea,
1190 2256 1237 2290 ut
1267 2249 1376 2290 haee
1407 2261 1522 2303 quae
1553 2247 1598 2287 in

224 2332 328 2374 vivis
367 2337 427 2371 est
462 2336 599 2370 mater
635 2332 885 2383 opponatur
920 2325 1027 2364 La'l‘o
1058 2324 1144 2364 iam
1180 2321 1255 2361 diu
1292 2318 1518 2368 mortuo‚”
1559 2324 1600 2358 et

223 2403 358 2460 paulo
389 2408 486 2458 post
516 2401 637 2459 Λαίῳ
659 2404 715 2458 τῷ
737 2399 963 2454 παλαιγενεῖ
981 2396 1288 2450 interpretatur
1319 2391 1464 2433 nobili
1488 2392 1600 2430 stir-

219 2478 278 2532 pe·
303 2475 423 2515 Laz'z‘.
468 2474 609 2514 Primo
639 2472 749 2513 haec
776 2472 1015 2525 incongrua
1043 2473 1161 2516 sunt,
1198 2471 1290 2505 tum
1313 2462 1451 2504 omisit
1477 2462 1602 2502 Klot-

228 2547 319 2587 zius
350 2546 499 2587 afferre
530 2544 725 2600 exempla
756 2543 844 2583 eius
879 2537 1224 2596 significationis:
1265 2535 1494 2592 παλαιγενὴς
1527 2547 1602 2574 00-

227 2619 338 2659 mice
373 2617 460 2659 dici
495 2624 636 2673 potest
682 2629 808 2656 senex
846 2613 991 2654 adhuc
1037 2611 1203 2659 vivens3
1255 2607 1375 2663 apud
1414 2606 1604 2660 reliquos

231 2695 443 2744 quantum
477 2689 579 2729 mihi
620 2693 810 2736 constat,
855 2697 1022 2741 semper
1058 2689 1117 2724 est
1149 2680 1225 2737 qui
1262 2680 1364 2720 olim
1396 2684 1493 2719 ante
1525 2676 1603 2717 ali-
