2020 3326
353 264 410 306 84
753 261 1314 305 COMMENTARIUS.

359 402 639 456 interrogare,
672 400 704 439 si
731 399 785 438 dc
813 399 903 438 filio
932 397 1160 438 resciscere
1190 397 1335 438 vellet:
1364 397 1451 437 sine
1478 397 1562 438 hoc
1594 398 1722 439 inuti-

358 473 406 512 lis
447 478 536 512 erat
578 470 712 511 omnis
748 469 1038 525 investigatio,
1093 468 1170 508 nisi
1211 467 1412 523 sperabat
1452 469 1590 509 filium
1629 477 1725 524 post

361 543 516 583 multos
557 554 689 581 annos
730 542 964 580 etiamnum
1004 540 1047 580 in
1078 539 1332 580 Cithaerone
1378 540 1518 580 vivum
1561 540 1725 581 iacere:

363 614 437 668 qui
466 618 750 667 exposuerant
778 618 891 652 certe
923 611 1217 652 confirmaturi
1256 617 1374 651 erant
1413 625 1510 651 eum
1538 611 1674 666 probe
1706 625 1729 652 a

365 697 405 724 se
433 683 673 738 expositum
702 697 803 723 esse.
842 681 1026 723 Omnino
1056 683 1101 723 in
1130 682 1366 722 istiusmodi
1394 682 1520 722 rebus
1553 683 1731 723 oracula

365 755 529 795 consuli
554 753 761 795 solebant.
788 754 873 794 Sed
893 754 1160 793 Hermannus
1182 754 1366 808 potuisse
1398 754 1523 794 scribi
1546 752 1638 795 ἰδεῖν
1669 754 1730 795 vi-

367 827 492 865 detur
507 832 680 881 putare,
707 826 873 865 collatis
889 839 939 864 ex
956 824 1183 879 Sophoclis
1206 823 1277 864 Αἱ.
1296 838 1356 865 vs.
1371 824 1411 864 6.
1437 828 1535 873 ὅπως
1559 825 1644 883 ἴδῃς
1666 825 1731 867 εἴτ’

367 895 471 938 ἔνδον
502 896 583 938 κτὲ.
615 910 869 952 perperam,
901 895 978 935 nisi
1005 909 1084 950 ego
1116 895 1263 934 fallor:
1304 909 1402 935 nam
1431 895 1488 935 ibi
1510 910 1647 936 sermo
1675 903 1734 936 est

369 969 422 1008 de
453 968 702 1009 coniectura
736 968 890 1022 Ulyssis
921 980 943 1006 e
974 966 1182 1021 vestigiis,
1222 980 1338 1020 quae
1369 967 1511 1006 oeulis
1541 967 1732 1007 videbat.

426 1038 496 1080 50.
558 1039 697 1095 αἴνιγμ’
731 1063 787 1068 —-
819 1038 999 1097 Σφιγγός.
1055 1037 1173 1077 Unus
1226 1043 1416 1077 veterum
1455 1038 1737 1093 interpretum

371 1117 676 1151 commemorat
705 1110 929 1151 lectionem
957 1109 1102 1166 μούσας
1128 1122 1209 1164 pro
1236 1108 1396 1165 αἴνιγμ’,
1430 1122 1612 1163 eamque
1644 1109 1737 1149 vul-

378 1189 503 1237 gatae
542 1182 743 1236 praefert.
800 1180 1138 1225 Valckenaerius
1183 1194 1276 1220 eam
1320 1181 1451 1220 docto
1500 1180 1732 1220 correctori

376 1251 522 1292 deberi
559 1252 769 1306 putabat,
814 1253 882 1292 cui
910 1252 1177 1291 Hermannus
1210 1265 1295 1291 non
1327 1251 1479 1291 iniuria
1510 1251 1736 1306 opposuit,

377 1323 547 1363 doctius
584 1322 845 1364 vocabulum
886 1336 982 1362 raro
1014 1322 1179 1377 vulgari
1210 1322 1420 1362 substitui.
1465 1322 1565 1362 Mihi
1598 1329 1740 1362 tamen

377 1393 558 1434 dubium
596 1407 684 1434 non
714 1394 881 1435 videtur
912 1394 1018 1448 quin
1058 1393 1196 1449 αἴνιγμ’
1232 1394 1283 1432 sit
1310 1393 1364 1433 ab
1392 1393 1621 1449 Euripide,
1664 1393 1741 1448 qui

376 1467 474 1506 lieet
515 1465 717 1507 amaverit
755 1465 1016 1506 vocabulum
1057 1469 1201 1521 μοῦσα,
1244 1465 1330 1504 hoc
1372 1471 1485 1504 certe
1525 1466 1623 1504 loco
1655 1465 1740 1504 sin-

381 1539 515 1593 gulari
547 1541 692 1593 μοῦσαν
720 1550 872 1576 usurus
901 1543 1014 1585 erat,
1053 1550 1140 1576 non
1171 1536 1350 1591 plurali,
1386 1542 1535 1591 utpote
1566 1536 1609 1575 in
1639 1550 1739 1575 nar-

380 1610 546 1649 ratione
577 1609 721 1663 plana.
782 1608 1005 1647 Praeterea
1043 1609 1239 1647 consulto
1273 1608 1441 1662 repetiit
1481 1607 1636 1663 αἴνιγμα
1659 1609 1739 1663 μα’-

377 1682 441 1722 &oz
462 1705 519 1710 —-
540 1680 697 1736 αἴνιγμα
729 1680 887 1735 μαθών,
929 1680 1095 1733 quippe
1123 1678 1252 1719 verba
1283 1679 1540 1737 κηρύγματος.

434 1752 484 1792 51
506 1766 570 1807 sq.
604 1753 693 1793 ὅθεν
725 1752 898 1809 τύραννος
931 1749 1043 1797 τῆςόε
1074 1755 1142 1806 γῆς
1176 1751 1434 1805 καὲίσταται,

606 1822 670 1864 καὶ
702 1822 863 1881 σκῆπτρ’
896 1822 1054 1864 ἔπαθλα
1086 1820 1197 1869 τῆςὸε
1229 1820 1420 1877 λαμβάνει
1452 1823 1609 1878 χθονός.

377 1895 614 1950 Aliquanto
643 1896 782 1934 minus
822 1893 1024 1948 languide
1056 1894 1248 1932 Eteocles
1279 1894 1387 1933 infra
1420 1908 1478 1934 vs.
1509 1892 1606 1933 594.
1644 1897 1743 1935 ὥστε

383 1983 429 2023 με
452 1971 653 2026 σκήπτρων
673 1969 885 2026 κρατοῦντα
908 1963 1013 2012 τῆςὸ’
1026 1964 1159 2006 ἄνακτ’
1183 1965 1272 2005 εἶναι
1295 1966 1453 2020 χθονός.
1489 1965 1654 2004 Inutilis
1678 1978 1743 2004 re-

381 2039 532 2093 petitio
562 2038 751 2078 eiusdem
782 2038 841 2076 rei
870 2037 914 2076 in
944 2037 1029 2076 istis
1054 2035 1244 2076 versibus
1269 2036 1446 2076 offendit
1474 2036 1744 2078 Valckenae-

382 2110 515 2158 rium,
559 2110 635 2164 qui
670 2109 856 2164 priorem
887 2108 1074 2162 expungi
1104 2107 1252 2147 voluit.
1294 2108 1581 2147 Hermannus:
1625 2120 1746 2147 »non

381 2187 441 2220 est
476 2179 652 2235 (inquit)
697 2194 774 2220 cur
814 2179 913 2218 ferri
952 2185 1162 2232 nequeat,
1207 2193 1365 2232 quum,
1401 2178 1475 2217 etsi
1515 2178 1601 2217 fere
1632 2177 1744 2217 idem

384 2251 506 2306 quod
553 2264 734 2306 sequens
777 2263 921 2291 versus
963 2249 1179 2297 continet,
1223 2256 1365 2289 tamen
1402 2249 1473 2288 ille
1514 2249 1572 2287 rei
1611 2247 1745 2302 magis

382 2322 669 2362 declarandae
704 2321 917 2361 inserviat.
978 2320 1115 2372 Quem
1156 2320 1267 2360 enim
1305 2332 1566 2375 magnopere
1608 2318 1746 2358 offen-

383 2393 479 2442 dat,
518 2394 549 2433 si
585 2393 683 2448 quis
721 2392 860 2432 dicat:
904 2405 954 2431 ex
984 2405 1074 2446 quo
1105 2405 1177 2431 rex
1209 2391 1347 2431 factus
1379 2397 1462 2438 est,
1506 2390 1743 2443 datumque

381 2464 418 2503 ei
459 2471 676 2520 sceptrum
712 2463 889 2519 praemii
923 2463 1065 2503 loco.’'
1123 2462 1285 2501 Similia
1324 2461 1387 2500 his
1428 2459 1737 2507 Firnhaberus,

382 2550 426 2588 p.
459 2534 530 2574 63.
589 2535 685 2574 Non
727 2541 787 2574 est
822 2548 921 2574 sane
965 2533 1086 2588 quod
1131 2545 1391 2588 magnopere
1432 2530 1656 2584 displiceat
1698 2530 1742 2570 in

383 2605 577 2659 exemplo
606 2605 944 2654 Hermanniano3
974 2604 1046 2644 sed
1074 2604 1156 2644 hoc
1183 2603 1313 2643 modo
1339 2614 1498 2656 ponere
1529 2599 1737 2640 debebat:

383 2689 467 2715 »ex
503 2689 592 2730 quo
630 2689 702 2715 rex
735 2676 874 2716 factus
912 2681 971 2715 est
1008 2675 1142 2715 lucius
1174 2674 1399 2728 regionis,
1436 2671 1671 2725 datumque
1703 2672 1740 2710 ei

377 2751 593 2801 sceptrum
624 2745 758 2785 lem'us
791 2751 944 2785 serrae
966 2745 1144 2801 praemii
1174 2743 1315 2784 loco.'’
1351 2741 1566 2793 Quoniam
1598 2748 1739 2782 autem
