2020 3326
572 258 1133 307 COMMENTARIUS.
1472 273 1551 314 ΝΠ

169 400 238 438 ποῖ
264 397 342 456 γάρ
377 396 503 451 μολεῖν
537 415 597 452 μοι
630 396 820 453 δυνατὸν,
853 400 903 449 εἰς
937 403 1061 451 ποίους
1095 401 1282 463 βρότους,·
1316 433 1371 438 ——
1402 408 1544 449 Corri-

166 484 220 525 ἔξω
254 470 335 510 τίνα
368 469 502 524 πόλιν,
546 470 611 511 τίν’
644 470 680 518 ἐς
714 469 839 520 ξένους
886 480 930 513 ut
965 474 1100 531 Sopli.
1133 476 1287 535 Anlc'g.
1319 479 1417 522 367.
1454 482 1544 523 ποτὲ

168 542 234 598 μὲν
267 542 412 596 κακὸν,
444 541 575 583 ἄλλοτ’
609 541 667 585 ἐπ’
703 542 844 586 ἐσθλὸν
873 548 1003 605 ἕρπει,
1039 548 1234 604 aliaque:
1268 551 1321 591 de
1351 567 1441 608 quo
1472 569 1544 609 gc-

166 628 266 653 nere
297 615 627 655 constructionis
666 616 721 655 cf.
753 616 910 656 Bernh.
946 618 1077 674 Sym.
1110 637 1152 676 p.
1182 621 1280 663 202.
1332 624 1427 665 Non
1461 625 1542 665 du-

164 685 254 725 bito
282 685 388 740 quin
412 686 481 725 illa
510 688 840 742 praepositionis
871 690 1102 731 collocatio
1133 707 1219 734 non
1245 695 1384 736 minus
1411 698 1541 738 usita-

168 763 209 796 ta
240 756 367 796 fucrit
396 757 631 807 veteribus,
668 773 800 814 quam
830 760 1150 814 Alexandrinis3
1190 766 1232 806 in
1265 768 1437 808 illorum
1472 784 1543 810 ve-

165 842 211 867 ro
252 827 368 868 libris
408 843 736 885 nonnumquam
776 831 1046 874 librariorum
1076 838 1140 876 vel
1173 851 1338 889 errore,
1384 842 1449 882 vel
1480 856 1543 881 εα-

164 900 267 940 ‹lula
302 901 596 950 correctione,
642 901 863 944 obscurari
897 907 1101 959 potuerit,
1153 909 1292 950 Recte
1322 912 1540 954 vindicata

163 977 224 1010 est
266 971 393 1011 lectio
435 972 662 1028 fragmenti
708 973 937 1030 Sophoclis
977 977 1144 1034 Aegei,
1186 982 1304 1037 apud
1335 983 1440 1024 Poll.
1474 985 1538 1034 X,

169 1041 262 1082 130.
300 1056 322 1082 a
355 1043 571 1092 Bentleio,
618 1052 836 1101 acuteque
868 1047 1110 1089 Lobeckius
1146 1052 1450 1108 interpretatus
1483 1064 1541 1096 est

164 1113 292 1153 Ac'ac.
327 1113 574 1155 395—398.

223 1183 321 1226 987.
376 1187 417 1227 ‘cz'
444 1184 547 1231 δῆτα
580 1186 687 1246 ῥῦμά
721 1205 781 1244 μοι
812 1194 1041 1245 γενήσεται,·
1086 1193 1156 1233 Sic
1193 1196 1376 1236 correxit
1409 1197 1540 1239 Valc-

164 1257 391 1297 kenaerius
416 1258 622 1299 librorum
654 1261 911 1315 scripturam
939 1264 981 1305 τί
997 1262 1082 1308 δῆτ’
1104 1267 1256 1324 ἔρυμά,
1290 1281 1421 1322 quem
1449 1270 1543 1324 ple-

168 1329 291 1383 rique
333 1330 466 1370 secuti
498 1337 617 1379 sunt,
661 1345 749 1371 non
783 1333 1073 1389 Musgravium
1106 1338 1391 1393 corrigentem
1428 1341 1469 1382 τί
1495 1341 1544 1387 δη

167 1399 251 1442 τόδ’
285 1403 429 1460 ἕρυμα;
476 1401 760 1456 quamobrem
805 1418 968 1459 poenas
1011 1407 1116 1447 dant
1161 1409 1434 1461 Hermanno,
1485 1414 1544 1453 sic

166 1486 237 1512 cos
279 1473 529 1528 castiganti:
586 1475 873 1516 »sententiam
919 1478 951 1517 si
997 1480 1242 1520 maluissent
1287 1496 1421 1536 quam
1472 1498 1548 1525 vo-

166 1543 322 1584 cabula
361 1544 550 1593 intueri,
597 1559 685 1585 non
732 1546 997 1590 dubitassent
1042 1551 1330 1607 Musgravium
1376 1557 1543 1611 sequi.⁷'

164 1616 314 1667 Quae,
358 1615 564 1666 obsecro,
615 1619 822 1659 sententia
873 1621 954 1661 illis
1003 1622 1140 1663 verbis
1186 1624 1355 1674 subest,
1412 1642 1546 1682 quam

162 1687 501 1729 Valckenaerius
539 1689 784 1744 perspicere
825 1705 912 1732 non
961 1694 1177 1735 voluerit?
1218 1695 1433 1752 Aeschylo
1473 1714 1543 1739 ara

165 1759 283 1799 dicta
321 1766 380 1799 est
421 1760 583 1818 φύγασιν
615 1760 742 1819 ρῦμαε
776 1777 858 1803 nec
898 1763 987 1806 τάδε
1022 1767 1307 1808 necessarium
1342 1776 1424 1819 est,
1461 1770 1545 1811 hac

165 1831 394 1871 sententia:
443 1833 485 1874 τί
512 1832 617 1892 ῥῦμα
650 1832 841 1884 Δωδώνης
875 1834 1021 1898 βάθρα
1056 1855 1116 1894 μοι
1147 1843 1375 1895 γενήσεται,·
1426 1842 1546 1894 Quo-

163 1901 279 1941 niam
319 1905 585 1944 correctione
623 1905 833 1947 utendum
875 1909 980 1958 fuit,
1021 1911 1169 1966 scripsi
1210 1912 1332 1966 quod
1367 1920 1545 1968 optave—

165 1986 282 2012 ram:
319 1988 419 2014 nam
457 1975 500 2015 in
531 1976 760 2017 Klotziana
794 1981 1085 2029 correctione,
1131 1982 1173 2022 τί
1201 1982 1304 2027 δῆτα
1338 1983 1374 2040 γ’
1397 1986 1548 2043 ἔρυμα,

167 2056 255 2083 non
299 2043 466 2085 admitti
512 2053 652 2101 potest
695 2064 769 2104 ys,
821 2050 943 2104 quod
991 2054 1197 2092 sententia
1246 2054 1289 2094 in
1344 2054 1427 2096 hac
1480 2057 1545 2097 in-

168 2116 455 2170 terrogatione
496 2118 670 2173 respuit.
731 2118 796 2159 Cf.
839 2120 1083 2162 doctissima
1121 2130 1223 2164 nota
1265 2125 1449 2166 Elmsleii
1493 2129 1548 2169 ad

169 2185 286 2226 Med.
326 2186 448 2227 1334.
489 2188 539 2227 In
580 2189 736 2245 Iphz'g.
766 2190 869 2231 Aul.
904 2191 1004 2233 856.
1048 2195 1166 2235 οἶσθα
1199 2194 1305 2240 δῆτά
1337 2197 1373 2253 γ’
1412 2200 1548 2240 multo

169 2257 319 2297 melius
343 2258 430 2298 sine
451 2259 785 2315 interrogatione
810 2261 1037 2304 dicuntur:
1067 2266 1189 2320 quod
1214 2268 1422 2310 intellexit
1440 2270 1546 2311 Mat-

171 2327 348 2368 thiaeus.

230 2398 329 2439 991.
373 2399 574 2448 Ἰοκάστην
605 2401 718 2457 λέγω.
755 2403 985 2445 Pauciores
1013 2407 1211 2458 codices,
1241 2412 1317 2465 qui
1349 2411 1551 2463 Ἰοκάστης

171 2470 351 2520 habent,
386 2473 520 2512 secuti
547 2479 643 2512 sunt
668 2475 941 2515 recentissimi
971 2477 1176 2529 editores,
1210 2487 1250 2521 et
1281 2482 1549 2526 Hermannus

172 2549 403 2598 propterea
447 2544 567 2598 quod
608 2544 706 2602 λέγω
743 2546 1001 2602 plerumque
1036 2562 1134 2590 cum
1172 2555 1418 2595 accusativo
1450 2557 1548 2597 iun-

175 2615 289 2669 gitur
321 2621 416 2670 post
444 2617 687 2656 vocativum
715 2624 755 2657 et
790 2618 1101 2661 nominativum
1137 2622 1215 2678 (sic
1249 2625 1360 2666 enim
1388 2629 1552 2669 monuit

174 2684 230 2724 ad
257 2685 391 2740 Sopli.
420 2685 547 2726 Ac'ac.
571 2686 709 2742 566).
750 2688 843 2729 Non
872 2690 1152 2746 excipiendus
1183 2698 1478 2740 accusativus:
1514 2707 1554 2740 et

177 2763 365 2811 praestat
397 2757 523 2798 verba
558 2759 759 2807 Ἰοκάστην
792 2759 889 2816 λέγω
915 2763 1071 2803 referre
1095 2765 1149 2806 ad
1180 2768 1426 2822 primariam
1459 2785 1556 2813 sen-
