2020 3326
281 229 362 271 158
681 230 1240 271 COMMENTARIUS.

326 364 426 406 861.
461 366 646 421 πολεμίων
677 365 966 420 σκυλευμάτων.
1005 364 1251 405 Hostilium
1280 367 1632 422 spoliale'onumg

272 438 411 492 posito
444 438 637 492 σκύλευμα
670 449 750 491 pro
783 435 956 476 σκυλεία.

326 507 425 550 876.
474 509 501 548 ἂ
524 506 769 564 συγκαλύψαι
797 504 934 555 παῖδες
957 505 1122 550 Οἰδίπου
1143 509 1272 567 χρόνῳ
1303 509 1518 568 Χρῄζοντες
1550 511 1630 553 arf-3.

269 578 318 617 In
344 578 406 617 his
435 578 748 619 Wakefieldius
774 584 814 618 et
842 579 1062 618 Nodellius
1084 592 1182 619 vere
1209 588 1484 621 correxerunt
1511 584 1637 640 σκότῳ

266 662 345 703 pro
370 651 517 708 χρόνῳε
551 649 709 704 quibus
733 649 792 689 sic
820 649 1050 690 oblocutus
1078 656 1137 690 est
1163 650 1437 692 Matthiaeus:
1474 656 1634 714 »χρόνῳ

266 720 544 778 σνγκρύπτουσι
576 721 726 777 τύχην,
759 721 836 776 qui
872 721 916 761 id
951 728 1106 776 agunt,
1150 722 1192 763 ἵν’
1225 723 1407 780 ἀμνήμων
1440 726 1539 782 τύχη
1568 728 1633 783 γέ-

264 807 386 846 νοιτο,
430 799 474 832 ut
506 793 700 847 loquitur
739 807 868 847 supra
903 806 960 833 vs.
990 791 1091 833 64.”
1139 794 1345 850 Fugiebat
1376 797 1513 838 virum
1543 799 1631 839 exi-

264 862 417 911 mium,
465 870 555 903 tum
588 863 760 903 demum
796 863 904 903 haec
944 863 1030 904 vim
1060 863 1260 906 habitura
1294 880 1379 907 esse
1415 868 1446 908 si
1478 870 1631 910 utrius-

262 947 347 987 que
376 934 460 974 loci
491 936 741 975 sententiam
772 935 1066 985 coniunxeris;
1104 950 1204 976 nam
1229 938 1474 994 συγκαλύψαι
1504 942 1631 999 χρόνῳ

261 1003 435 1044 distrahi
464 1007 615 1061 nequit
647 1020 669 1046 a
700 1006 926 1061 proximis:
960 1008 1043 1048 οὔτε
1075 1008 1169 1066 γέρα
1202 1009 1321 1070 πατρὶ
1354 1011 1431 1053 οὔτ’
1454 1010 1632 1062 ἔξοδον

262 1073 458 1131 διδόντες,
490 1091 631 1132 neque
672 1091 730 1118 vs.
754 1077 826 1117 64.
857 1079 1042 1135 ἀμνήμων
1074 1079 1174 1135 τύχη
1204 1080 1534 1137 intelligeretur,
1568 1085 1634 1124 ni-

263 1148 295 1186 si
336 1148 531 1188 additum
573 1155 676 1189 esset
713 1148 893 1209 κλῇἓροις
925 1151 1092 1210 ἔκρυψαν
1122 1153 1287 1211 πατέρα.
1334 1153 1495 1194 Eodem
1532 1169 1629 1210 spe-

263 1224 381 1259 ctant
402 1220 557 1278 κλῇἓρα
582 1227 621 1260 et
646 1223 798 1269 σκότος;
822 1222 1055 1278 utrobique
1081 1237 1218 1264 sermo
1245 1231 1305 1264 est
1332 1224 1385 1264 de
1403 1224 1632 1267 abscondi-

263 1295 306 1329 to
338 1289 521 1347 Oedipo.
565 1293 759 1347 Denique
788 1307 915 1333 nemo
947 1295 1128 1335 alicuius
1158 1296 1217 1335 rei
1247 1297 1495 1337 memoriam
1525 1303 1630 1338 tem-

262 1375 367 1416 pore
400 1362 540 1403 delere
570 1370 731 1418 potest3
764 1364 903 1419 ipsum
930 1371 1098 1421 tempus
1127 1365 1254 1406 delet.

321 1431 420 1474 882.
470 1436 556 1491 ἁγὼ
589 1436 630 1476 τί
656 1433 787 1494 δρῶν,
828 1435 939 1478 ὁποῖα
972 1435 1009 1477 δ’
1031 1437 1072 1478 οὐ
1112 1436 1230 1492 λέγων
1270 1439 1369 1492 ἔπη,
1410 1439 1479 1487 Εἰς
1511 1440 1631 1495 ἔχθος

262 1501 381 1548 ἦλθον
403 1505 510 1547 παισὶ
533 1509 648 1548 τοῖσιν
671 1506 851 1549 Οἰδίπου.
887 1507 969 1547 Alii
997 1507 1112 1548 libri:
1146 1507 1180 1548 τὶ
1213 1510 1264 1564 μὴ
1296 1508 1428 1568 δρῶν,
1451 1518 1491 1550 et
1514 1513 1627 1552 ποῖαε

263 1576 545 1632 confugitque
579 1578 835 1619 Scholiastes
869 1579 925 1619 ad
961 1579 1011 1621 οὺ
1046 1580 1123 1622 ἀπὸ
1146 1584 1264 1622 κοινοῦ
1293 1588 1494 1622 sumtum.
1526 1583 1631 1622 Por-

262 1659 387 1686 sonus
418 1649 607 1704 scripsit:
641 1650 753 1706 κάγὼ
785 1650 851 1692 τίν’
883 1650 924 1692 οὐ
960 1649 1062 1710 δρῶν
1075 1686 1090 1706 ,
1124 1655 1214 1694 ποῖα
1247 1651 1283 1694 δ’
1307 1653 1347 1695 οὐ
1380 1653 1497 1709 λέγων
1528 1657 1599 1701 ἔπη
1612 1689 1628 1709 ,

262 1718 330 1757 cui
360 1732 547 1759 assensus
577 1728 637 1761 est
667 1722 899 1762 Elmsleius.
936 1723 1225 1764 Hermannus:
1263 1724 1407 1776 »Quid
1434 1739 1534 1766 vero
1565 1727 1629 1766 fa-

261 1789 383 1830 cilius
423 1797 512 1830 erat
543 1807 676 1846 quam
710 1793 890 1833 reddere
921 1795 1115 1849 Euripidi
1154 1795 1180 1836 ἂ
1202 1795 1271 1851 ’γὼ
1304 1797 1345 1838 τί
1372 1813 1426 1838 τοι
1457 1795 1625 1855 ὃρῶνὶ)”

260 1860 454 1901 Klotzius
491 1863 619 1919 longa
661 1864 952 1920 disputatione
987 1880 1141 1907 novam
1178 1867 1486 1922 interpretandi
1517 1869 1629 1909 viam

259 1932 466 1987 ingressus
498 1940 580 1983 est,
618 1936 662 1975 in
693 1950 803 1990 qua,
839 1937 996 1985 fateor,
1030 1951 1183 1992 parum
1211 1938 1359 1987 video,
1394 1954 1529 1994 quum
1562 1947 1626 1980 ta-

259 2017 354 2043 men
382 2012 611 2060 appareat,
638 2006 987 2062 simplicissimam
1016 2009 1267 2049 sententiam
1296 2009 1462 2050 subesse
1492 2024 1624 2065 opor-

263 2080 370 2123 tere,
402 2090 452 2116 ac
477 2076 678 2117 Tiresiam
707 2078 813 2118 nihil
840 2079 984 2119 dicere
1015 2079 1170 2120 debere
1196 2080 1272 2120 nisi
1302 2094 1343 2120 se
1372 2095 1540 2121 omnem
1568 2082 1629 2121 la·

261 2145 405 2200 pidem
442 2149 618 2188 movisse
660 2155 705 2189 ut
737 2149 851 2190 hanc
881 2150 1069 2191 filiorum
1105 2165 1204 2207 erga
1235 2158 1402 2207 patrem
1430 2153 1627 2207 impieta-

262 2222 345 2256 tem
390 2221 662 2274 castegaret,
708 2234 847 2275 eoque
885 2222 1034 2262 odium
1080 2236 1228 2263 eorum
1270 2237 1311 2262 se
1355 2224 1626 2264 contraxisse.

262 2287 362 2327 Mihi
412 2289 534 2329 locus
585 2291 645 2331 sic
687 2293 965 2348 corrigendus
1005 2293 1170 2334 videtur
1215 2300 1260 2334 ut
1310 2296 1396 2351 ἁγώ
1440 2302 1628 2336 servetur

262 2364 302 2398 et
335 2366 431 2413 apte
458 2374 557 2401 cum
586 2363 761 2418 reliquis
787 2363 1038 2414 cohaereat,
1075 2365 1238 2406 ratione
1264 2365 1411 2406 habita
1441 2367 1628 2407 variatae

261 2429 477 2480 lectionis,
511 2447 643 2487 quam
670 2435 920 2489 interpretes
946 2436 1065 2476 haud
1094 2437 1191 2477 satis
1219 2437 1505 2478 attenderunt.
1540 2438 1627 2478 Re-

262 2500 417 2554 liquias
447 2503 534 2542 eius
562 2505 683 2558 quod
707 2506 838 2547 Poeta
868 2507 985 2547 dedit
1013 2508 1277 2563 deprehendi
1302 2515 1409 2563 puto
1437 2510 1480 2549 in
1507 2521 1623 2548 com-

262 2579 495 2612 memorata
527 2574 581 2614 ab
613 2575 850 2617 Scholiasta
880 2579 1062 2619 lectione
1092 2580 1133 2620 τί
1159 2581 1211 2635 μὴ
1243 2579 1374 2638 δρῶν,
1416 2579 1537 2633 quod
1568 2579 1620 2618 li-

262 2641 446 2689 brarius,
484 2652 661 2700 propter
699 2648 827 2703 vulgo
867 2649 1028 2690 sociata
1066 2650 1194 2691 verba
1233 2649 1333 2709 ὃροῖν
1362 2657 1402 2690 et
1434 2649 1549 2705 λέγειν
1578 2650 1621 2689 in

265 2712 346 2752 hac
378 2713 558 2754 formula
604 2716 840 2767 rhetorica,
889 2720 1014 2761 facile
1045 2721 1244 2775 colligere
1273 2721 1413 2777 potuit
1444 2733 1466 2760 c
1497 2720 1621 2761 disie-
