2020 3326
641 220 1202 263 COMMENTARIUS.
1522 222 1607 262 233

246 365 368 424 ἁνήρ5
401 364 490 403 scil.
526 363 557 402 si
591 361 782 402 nondum
808 368 932 407 natus
964 367 1129 416 patrem
1159 374 1282 401 suum
1309 359 1483 401 occidit.
1527 359 1610 400 Re-

245 451 344 479 vera
374 436 544 476 mallem
571 433 818 488 Euripidem
849 432 1023 473 Comico
1042 432 1167 479 vlianc
1206 432 1434 473 cavillandi
1467 445 1612 471 ansam

246 523 333 550 non
382 508 557 548 dedisse.
613 506 952 548 Valckenacrius
988 505 1100 545 idem
1143 504 1217 545 scd
1258 505 1477 561 operosius
1518 517 1611 543 mo-

248 581 365 630 nuit,
398 593 449 620 ac
477 579 614 618 minus
643 577 892 632 perspicue,
926 578 973 616 iis
1004 584 1119 617 certe
1147 577 1222 632 qui
1252 577 1384 633 paulo
1412 576 1613 616 festinan-

249 654 330 693 tius
360 653 527 707 legunt3
562 649 682 705 quod
714 649 836 697 fecit,
871 649 947 689 nisi
979 649 1126 699 fallor,
1160 649 1417 690 Fritzschius
1447 648 1502 688 ad
1529 649 1555 688 l.
1576 662 1613 687 c.

249 723 558 779 Aristophanis.
598 721 791 776 Denique
822 735 970 762 vercor
994 736 1048 761 ne
1077 721 1331 762 obscuratus
1354 722 1404 761 sit
1430 721 1550 761 iocus
1573 720 1616 760 in

248 811 371 837 versu
410 795 674 841 Ranarum,
722 807 849 848 quem
885 800 1072 849 praestat
1110 794 1170 834 sic
1211 792 1394 833 seribere
1434 793 1520 832 sine
1551 792 1616 832 in-

253 868 578 925 terpunctione:
617 868 743 908 ὃντινοέ
775 882 818 921 γε
849 865 933 926 πρὶν
967 869 1074 926 φῦναι
1105 864 1172 922 μὲν
1214 864 1388 907 ἀπόλλων
1427 867 1493 924 ἔφη
1535 863 1614 905 κτέ.

317 939 441 980 1604.
476 938 555 980 ἐπεὶ
591 936 628 979 δ’
652 938 848 996 ἐγενόμην,
881 933 994 987 αὖθις
1025 938 1220 998 ὁσπείρας
1243 939 1370 998 πατὴρ
1393 938 1523 979 κτείνει
1556 953 1615 993 με.

254 1012 488 1068 Suspiceris
523 1026 602 1067 pro
643 1006 753 1059 αὖθις
782 1012 990 1067 scriptum
1016 1012 1140 1051 fuisse
1168 1010 1312 1066 αὐτίκ’,
1355 1024 1468 1066 quae
1497 1009 1621 1049 facile

254 1084 487 1139 permutari
517 1090 772 1138 potuerunt,
809 1089 848 1122 et
873 1097 1201 1138 nonnumquam
1233 1088 1475 1138 permutata
1507 1087 1617 1121 sunt.

255 1156 339 1196 Sed
365 1155 471 1195 haec
502 1154 656 1209 Oedipi
683 1154 811 1195 verba
839 1155 896 1194 sic
929 1154 1249 1210 interpretanda
1275 1161 1405 1210 pum,
1436 1160 1481 1193 ut
1509 1147 1620 1201 αὖθις

255 1230 305 1269 sit
335 1229 551 1268 vicissim.
587 1226 682 1266 Non
709 1240 868 1266 novum
896 1226 980 1266 hoc
1010 1232 1093 1275 est,
1125 1226 1290 1280 quippe
1317 1240 1394 1266 usu
1420 1239 1619 1281 compro-

258 1300 431 1348 batum;
479 1298 551 1338 sed
593 1297 870 1338 animadverti
911 1298 1063 1346 velim,
1112 1297 1287 1337 Poetam
1327 1310 1414 1336 non
1458 1297 1618 1337 factum

254 1373 370 1412 facto
399 1369 668 1426 opposuisse,
704 1369 775 1409 sed
801 1368 1077 1409 destinatam
1107 1368 1284 1408 oraculo
1314 1367 1490 1409 caedem
1518 1383 1620 1409 con.-

257 1443 363 1484 silio
396 1441 551 1482 caedis.

321 1513 430 1555 1606
458 1528 523 1569 sq.
576 1514 712 1569 πέμπει
744 1511 792 1554 δέ
821 1529 868 1569 με
900 1512 1047 1568 μαστὸν
1079 1513 1273 1555 ποθοῦντα
1304 1511 1444 1574 θηρσὶν
1476 1512 1621 1555 ἀθλίαν

258 1587 412 1648 βοράν,
443 1582 483 1628 οὗ
515 1586 766 1641 σωζόμεσθα.
813 1585 873 1625 De
898 1585 1104 1626 industria
1131 1586 1329 1641 opposita
1353 1591 1449 1625 sunt
1475 1586 1622 1641 μαστὸν

259 1662 455 1702 ποθοῦντα
483 1665 523 1699 et
552 1657 689 1718 θηρσὶν
709 1656 865 1718 βοράν,
897 1657 1018 1713 quod
1048 1658 1150 1697 facit
1180 1657 1235 1697 ad
1261 1657 1514 1698 movendam
1540 1660 1620 1698 mi-

259 1732 546 1773 sericordiam.
601 1730 681 1770 Pro
718 1726 759 1772 οῧ
795 1730 1062 1770 Hermannus
1092 1730 1270 1769 miratur
1300 1730 1467 1770 nullum
1499 1730 1621 1770 codi-

258 1819 350 1846 cem
380 1803 531 1844 offerre
560 1799 606 1861 ᾧ.
651 1802 845 1843 Klotzius
876 1802 989 1842 idem
1019 1802 1344 1856 interpretatur:
1375 1803 1425 1841 in
1452 1816 1544 1856 qua
1572 1817 1621 1843 re

261 1882 470 1918 servatas
507 1890 621 1915 sum.
676 1875 765 1931 Ego
806 1888 893 1914 non
938 1874 1063 1914 video
1105 1887 1184 1913 cur
1225 1873 1474 1914 adverbium
1511 1874 1619 1914 illud

261 1963 348 1989 non
385 1949 434 1988 sit
468 1947 579 1987 loci:
623 1949 761 1986 mfitla‘t
806 1961 871 1986 me
906 1946 1129 2001 praedam
1157 1945 1287 2000 feris
1331 1945 1392 2001 (in
1431 1959 1527 1985 eum
1557 1947 1619 1987 lo-

262 2019 378 2075 cum)
398 2051 407 2067 ‚
437 2018 515 2058 uhi
533 2023 742 2058 servatas
767 2032 887 2057 sum:
916 2018 1150 2073 praecipue
1175 2018 1286 2057 enim
1309 2017 1469 2072 cogitat
1491 2016 1619 2059 Oedi-

259 2106 341 2147 pus
367 2090 685 2130 Cithaeronem:
718 2088 838 2144 quod
868 2095 1047 2144 apparet
1077 2102 1127 2128 ex
1159 2087 1448 2143 sequentibus.

321 2161 444 2202 1610.
490 2161 594 2203 ἀλλὰ
625 2159 830 2202 δουλεῦσαί
855 2162 894 2201 τέ
926 2177 986 2218 μοι
1018 2159 1166 2217 δαίμων
1197 2159 1316 2202 ἔδωκε
1347 2160 1427 2203 κτὲ.
1492 2160 1616 2201 Libe-

262 2235 348 2275 rius
379 2233 628 2273 sententiam
660 2234 809 2273 struxit
839 2233 993 2281 Poeta,
1028 2239 1067 2272 et
1096 2233 1205 2272 male
1231 2233 1425 2273 Klotzius
1454 2232 1619 2287 scripsit

261 2305 467 2348 δουλεῦσαί
492 2322 534 2361 γε
565 2311 605 2344 et
635 2306 784 2346 κτανὼν
815 2303 868 2345 δ’.
924 2303 1115 2359 Oedipus
1146 2304 1258 2344 enim
1287 2311 1478 2345 recenset
1506 2305 1619 2345 mala

262 2393 376 2435 quae
415 2392 465 2418 ex
511 2377 660 2417 eadem
700 2378 775 2417 fati
817 2376 1065 2417 necessitate
1108 2376 1424 2431 pependerant:
1468 2377 1618 2417 eodem

262 2451 446 2507 pertinet
482 2449 605 2490 1616.
648 2449 689 2491 οὺ
722 2450 800 2509 γὰρ
832 2452 1007 2492 τοσοῦτον
1039 2448 1118 2490 κτὲ.
1166 2448 1318 2503 Itaque
1349 2447 1556 2490 δουλεῦσαί
1578 2450 1618 2492 τέ

266 2540 326 2581 μοι
356 2521 475 2564 ἔδωκε
507 2521 588 2563 κτὲ.
623 2528 703 2562 est:
733 2522 935 2578 imposuit
958 2519 1060 2560 mihi
1091 2526 1135 2560 ut
1160 2519 1356 2560 servirem
1386 2527 1426 2560 et
1454 2527 1618 2576 patrem

264 2595 528 2643 occiderem,
564 2600 603 2634 et
634 2594 820 2648 reliqua,
855 2607 908 2633 ne
942 2592 1076 2632 oculis
1108 2591 1282 2646 quidem
1313 2593 1513 2647 exceptis.

328 2666 449 2707 1621.
499 2664 562 2712 ᾖδ’
597 2667 618 2711 ἡ
651 2667 855 2720 θανοῦσα5
898 2667 1008 2715 ζῶσά
1040 2663 1075 2720 γ’
1098 2663 1144 2705 ἂν
1174 2663 1265 2723 σάφ’
1296 2663 1367 2706 οἷδ’
1398 2667 1467 2706 ὅτι.
1522 2665 1619 2705 Tres

268 2738 362 2779 libri
404 2753 491 2780 non
531 2740 679 2795 optimi
721 2744 937 2781 servarunt
974 2736 1088 2793 γ’ἄν,
1130 2750 1209 2793 pro
1241 2751 1330 2792 quo
1360 2737 1513 2794 reliqui
1543 2737 1618 2777 lia-
