2020 3326
356 251 413 292 86
757 258 1317 300 COMMENTARIUS.

358 388 559 445 ἀμνήμων;
603 390 750 445 itaque
791 394 997 434 sententia
1033 407 1121 434 non
1150 401 1354 435 accurate
1385 397 1605 438 enuntiata
1636 406 1719 440 est:

359 459 585 500 substituto
629 460 822 517 δεόμενοι,
862 465 1140 520 interpretor:
1181 471 1360 521 patrem
1399 468 1618 508 oecultum
1657 475 1720 509 te-

358 537 578 580 nuerunt,
627 533 790 574 multos
831 536 982 576 modos
1029 539 1359 592 excogitantes,
1406 539 1568 593 quibus
1598 540 1721 580 cala-

359 603 559 642 mitatem
599 605 697 644 eius
733 605 788 645 ab
826 606 1047 647 hominem
1092 611 1260 648 notitia
1291 615 1583 650 removerent.
1636 610 1721 650 Sed

358 685 507 727 urgere
545 672 629 714 hoo
659 676 808 717 nolim.
849 677 910 718 Ex
941 678 1105 719 scholio
1136 686 1339 735 apparet,
1383 680 1472 720 eius
1503 688 1722 722 auctorem

355 741 503 797 legisse
532 745 697 800 γένηται.
742 747 794 787 Et
822 747 907 789 hoo
937 755 1047 789 stare
1075 756 1238 804 potest,
1282 757 1323 791 et
1352 751 1506 807 γένοιτο.

419 811 477 852 86
494 828 559 870 sq.
601 819 678 876 χρὴ
704 816 761 872 δ’,
793 819 825 860 εἰ
845 819 957 879 σοφὸς
978 821 1165 880 πέφυκας,
1196 821 1263 863 οὐκ
1285 821 1351 864 ἐᾶν
1371 821 1507 881 βροτὸν

598 889 662 931 τὸν
693 891 808 933 αὐτὸν
839 891 897 933 ἀεὶ
930 891 1109 949 δυστυχῆ
1141 894 1399 935 καΞ-εστοὶναι.

356 955 694 1002 Valckenaerius
737 962 945 1004 suadebat
988 965 1143 1020 corrigi
1184 971 1284 1025 χρῆν
1324 971 1364 1005 et
1401 964 1580 1026 βροτῶν,
1625 980 1724 1022 per-

347 1042 496 1083 peram
543 1044 644 1072 sane
690 1039 947 1090 utrumque,
993 1035 1067 1075 sed
1116 1049 1204 1076 non
1249 1038 1462 1091 scripsit,
1504 1044 1550 1078 ut
1578 1044 1724 1077 narrat

354 1100 567 1152 Klotzius,
597 1104 704 1144 miro
733 1118 875 1145 errore
905 1104 979 1146 hic
1007 1113 1046 1146 et
1074 1107 1179 1147 alias
1209 1107 1245 1147 ei
1274 1107 1462 1148 tribuens
1492 1108 1613 1163 quod
1640 1121 1729 1149 non

360 1173 652 1225 commiserat3
681 1175 1020 1218 Valckenaerius
1051 1178 1256 1218 rarissime
1286 1179 1330 1219 in
1358 1185 1519 1219 textum
1546 1179 1728 1234 recipie·

360 1242 435 1282 bat
462 1245 583 1298 quod
611 1260 699 1287 non
726 1247 903 1288 haberet
935 1248 1126 1304 aliquam
1145 1249 1381 1290 traditionis
1414 1251 1728 1291 auctoritatem.

359 1321 461 1373 χρῆν
499 1322 558 1355 est
586 1317 936 1372 reprehendentis
973 1327 1068 1375 post
1110 1321 1303 1370 factum,
1352 1323 1431 1381 χρὴ
1465 1322 1730 1363 admonentis

360 1386 426 1426 vel
457 1388 691 1441 precantis,
726 1395 772 1428 ut
802 1389 886 1430 hoc
916 1391 1026 1430 loco.
1072 1391 1200 1442 Quod
1225 1405 1292 1432 me
1320 1393 1521 1433 admonet
1556 1393 1609 1433 de
1634 1392 1727 1433 An-

360 1456 605 1498 dromacha
635 1458 707 1498 ubi
741 1459 827 1500 650
853 1474 917 1516 sq.
950 1462 1164 1502 Menelaus
1194 1462 1247 1502 ad
1278 1463 1472 1503 Peleum:

507 1530 549 1574 ἣν
578 1536 676 1589 χρῆν
706 1532 741 1572 σ’
773 1531 935 1574 ἐλαύνειν
968 1531 1071 1579 τήνδ’
1104 1533 1197 1592 ὑπὲρ
1230 1533 1372 1575 Νείλου
1407 1534 1497 1594 ῥοὰς
1513 1569 1526 1587 ,

509 1601 602 1662 ὑπέρ
636 1619 675 1645 τε
707 1605 859 1659 Φοῖσιν,
901 1605 1003 1661 κάμὲ
1036 1605 1275 1665 παρακαλεῖν
1305 1606 1381 1647 ἀεί.

363 1672 407 1712 in
437 1686 526 1727 quo
556 1687 643 1714 non
674 1674 826 1715 dubito
857 1677 964 1731 quin
993 1691 1091 1717 vera
1119 1678 1331 1732 scriptura
1363 1678 1413 1717 sit
1442 1677 1572 1717 haee:

509 1745 570 1786 Οὐ
601 1751 701 1805 χρῆν
733 1747 767 1787 σ’
801 1746 963 1789 ἐλαύνειν
995 1746 1097 1793 τήνδ’
1132 1747 1224 1807 ὑπὲρ
1257 1748 1398 1790 Νείλου
1432 1748 1522 1808 ῥοάς
1536 1783 1551 1803 ,

511 1815 605 1877 ὑπέρ
636 1833 676 1859 τε
707 1819 858 1874 Φοῖσιν,
901 1819 1002 1875 κάμὲ
1033 1820 1273 1880 παρακαλεῖν
1303 1819 1406 1876 ἔδει,

365 1893 411 1926 ut
454 1888 503 1928 sit
540 1889 815 1945 interrogatio
850 1890 1131 1946 indignantis,
1180 1891 1332 1931 eodem
1365 1891 1494 1932 modo
1528 1891 1732 1947 appositis

366 1964 466 2017 χρῆν
509 1965 549 1998 et
579 1958 678 2009 ἔδει,
733 1967 778 2001 ut
817 1961 860 2001 in
901 1961 1037 2017 Soph.
1077 1962 1183 2002 Oed.
1216 1962 1257 2001 T.
1288 1961 1409 2002 1184.
1444 1961 1511 2012 ξὺν
1544 1960 1596 2011 οἷς
1629 1962 1660 2003 τ’
1685 1962 1726 2003 οὐ

365 2036 464 2089 χρῆν
498 2031 536 2086 μ’
569 2031 737 2086 ὁμιλῶν,
778 2034 838 2080 οὓς
871 2049 910 2074 τε
942 2033 980 2088 μ’
1013 2033 1080 2075 οὐκ
1113 2033 1187 2075 ἔδει
1219 2035 1382 2075 κτανών.
1424 2059 1482 2065 —-
1519 2034 1569 2074 In
1599 2034 1722 2074 Euri-

364 2102 477 2156 pidis
505 2109 646 2143 autem
674 2103 943 2144 Phoenissis
984 2105 1135 2160 singul.
1172 2103 1309 2165 βροτὸν
1346 2105 1602 2146 servandum
1644 2111 1728 2153 est,

365 2173 485 2227 quod
518 2180 677 2214 certam
710 2188 935 2229 personam
964 2175 1180 2231 designat:
1226 2190 1313 2217 non
1345 2183 1531 2225 certam,
1570 2190 1634 2216 eX.
1666 2190 1729 2231 gr.

365 2244 560 2299 intelligit
601 2245 736 2300 Soph.
774 2245 847 2286 El.
883 2246 980 2287 916.
1025 2250 1101 2296 τοῖς
1132 2247 1287 2290 αὐτοῖο-ι’
1316 2264 1368 2289 τοι
1401 2247 1494 2303 Οὐχ
1528 2246 1642 2295 αὐτὸς
1675 2246 1733 2287 ἀεὶ

367 2314 554 2372 δαιμόνων
585 2320 858 2377 παραστατεῖ,
891 2318 1004 2358 unde
1044 2320 1200 2374 plurali
1231 2333 1331 2359 usus
1363 2325 1436 2359 est.
1482 2319 1574 2358 Hoc
1604 2317 1734 2357 modo

367 2389 548 2443 suppleo
582 2403 695 2444 quae
725 2390 890 2430 monuit
920 2390 1186 2430 Hermannus
1218 2390 1273 2430 ad
1303 2389 1375 2430 Αἱ.
1402 2389 1502 2432 977.
1544 2403 1594 2429 eo
1625 2389 1735 2428 enim

368 2472 486 2500 nuno
514 2461 688 2500 remittit
717 2461 933 2501 lectorem.
971 2461 1056 2501 Sed
1083 2461 1306 2517 Euripides
1335 2461 1452 2501 haud
1482 2460 1610 2500 dubie
1640 2458 1733 2519 βρο-

371 2533 445 2570 τῶν
475 2536 515 2568 et
547 2530 782 2585 Sophocles
813 2530 962 2588 δαίμων
992 2531 1175 2572 scribere
1205 2538 1461 2588 potuerant3
1506 2544 1595 2570 non
1620 2531 1735 2571 idem

373 2600 598 2649 dixissent,
634 2602 706 2641 sed
737 2616 874 2656 aeque
905 2602 1105 2658 probum.

431 2671 645 2711 92—102.
707 2672 888 2729 ἐπίσχες,
931 2674 981 2722 ὡς
1023 2674 1069 2715 ἂν
1116 2671 1422 2733 προὺξερευνγζσω
1467 2670 1598 2726 στίβον
1650 2671 1730 2714 κτὲ.

375 2742 519 2783 Schol.
563 2748 687 2786 ταῦτα
729 2746 1109 2803 παραμηχανοῖσὲαί
1143 2760 1234 2803 φασι
1279 2744 1340 2787 τὸν
1383 2742 1621 2804 Εὐριπίδην,
1673 2748 1732 2786 ἵνα
