2020 3326
591 256 1158 301 COMMENTARIUS.
1480 261 1564 303 207

201 393 271 432 καί
298 392 339 432 in
361 394 437 434 τώε
472 407 560 447 quo
587 393 703 433 sacto
733 397 895 442 ἔστησαν
924 395 1099 437 habebit
1127 397 1210 437 vim
1239 399 1449 448 activam,
1484 398 1565 439 hae

198 465 425 504 sententia:
468 479 604 520 quam
647 464 810 520 Oedipi
837 466 940 520 fila·
982 482 1112 508 arma
1153 470 1437 518 induissent,
1478 470 1565 510 deco

196 536 331 575 duee-s·
365 536 643 591 prodeuntes
673 537 786 577 (laos
818 538 925 578 illos
955 540 1263 594 Imperalores
1295 545 1345 582 in
1375 542 1567 582 medium

197 608 519 664 μεταίχμιον
552 610 902 649 consutum-unt.
954 610 1048 651 Non
1078 612 1214 653 insero
1245 613 1366 668 quod
1396 613 1567 653 inaudi-

198 685 289 719 tum
319 680 393 719 sit:
438 693 488 719 ac
521 694 658 734 paene
689 680 791 720 mihi
824 682 1061 735 persuadeo
1094 684 1308 740 Euripidis
1338 685 1567 724 memoriae

195 750 467 790 obversatum
508 764 593 790 esse
624 751 795 791 Homeri
827 753 970 793 Iliad.
995 753 1073 793 III.
1103 755 1201 795 314.
1236 755 1309 796 ubi
1339 757 1498 796 Hector
1529 761 1569 796 et

195 821 361 876 Ulysses
401 835 574 877 pugnae
612 822 758 862 locum
790 823 1070 865 dimetiuntur
1102 826 1245 867 Paridi
1281 834 1322 867 et
1352 828 1564 868 Menelao:

193 893 253 932 illi
286 899 402 933 certe
431 893 539 947 quid
566 893 760 934 fecerunt
791 895 870 935 nisi
902 910 1045 937 revera
1076 897 1152 937 hos
1184 901 1350 947 ἔστησαν
1371 900 1419 948 εἰς
1440 905 1568 959 χῶρον

195 963 574 1024 ὃιαμεμετρημένονῖ)
617 965 811 1005 Eundem
850 980 1013 1007 morem
1046 970 1182 1025 tangit
1216 972 1400 1012 nuncius
1430 971 1568 1012 brevi-

197 1043 260 1076 ter
292 1050 343 1075 ae
381 1035 645 1075 subobscure
686 1036 728 1075 in
774 1036 1067 1087 Phoenissis,
1114 1054 1165 1079 ac
1196 1041 1350 1082 mirum
1392 1049 1497 1083 esset
1538 1044 1569 1083 si

197 1122 283 1147 non
316 1107 721 1162 obtemperavissent
752 1107 890 1148 eidem
919 1109 1109 1150 Thebani
1143 1118 1182 1151 et
1214 1112 1373 1168 Argivi.
1420 1112 1571 1154 Caete-

199 1193 292 1218 rum
326 1178 606 1218 imitationem
642 1179 864 1232 quandam
895 1179 1022 1220 huius
1052 1182 1137 1221 loci
1169 1183 1407 1225 observavit
1440 1186 1571 1227 Vale-

196 1250 422 1290 kenaerius
473 1250 516 1289 in
560 1250 798 1304 fragmento
847 1249 1207 1292 Phoenz'ssarum
1249 1255 1567 1310 Aristophanis,

197 1321 317 1376 apud
346 1319 504 1363 Athen.
536 1336 581 1375 p.
613 1318 709 1358 154.
737 1333 774 1360 e.

408 1392 475 1439 Ἐς
509 1389 674 1433 Οἰδίπου
708 1389 752 1432 δὲ
785 1390 902 1433 παῖδε
916 1426 933 1447 ,
965 1391 1144 1450 διπτύχω
1176 1396 1275 1454 κόρω
1288 1430 1305 1450 ,

406 1462 530 1522 ’Ἄρης
560 1462 789 1519 κατέσκηψ’,
820 1465 856 1512 ἔς
888 1480 927 1506 τε
959 1469 1184 1523 μονομάχου
1216 1466 1343 1516 πάλης

404 1535 540 1590 ἀγῶνα
571 1538 633 1576 νῦν
665 1534 834 1577 ἑστᾶσιν.

198 1603 294 1646 Non
316 1619 428 1661 nego
451 1606 628 1661 quidem
653 1606 958 1647 adumbratum
976 1608 1131 1658 videri,
1165 1624 1433 1664 quamquam
1458 1624 1572 1666 quae

198 1678 307 1717 ratio
334 1677 461 1718 fuerit
484 1678 602 1718 istius
628 1677 801 1718 fabulae
826 1677 1186 1734 Aristophanieae
1213 1694 1387 1736 prorsus
1419 1682 1569 1722 lateat:

197 1748 304 1788 nihil
354 1756 468 1789 certe
509 1749 617 1790 lueis
666 1749 850 1790 afferunt
892 1764 1006 1805 quae
1059 1753 1242 1792 contulit
1283 1751 1569 1808 Hartungius,

198 1818 362 1874 Eure'p.
391 1822 536 1861 restit.
568 1820 624 1860 ΙΙ.
653 1819 753 1862 470.
806 1820 1036 1872 Quomodo
1068 1821 1288 1872 Comicus,
1323 1823 1445 1878 isque
1474 1824 1570 1864 Ari-

196 1891 448 1946 stophanes,
489 1891 703 1947 Euripidis
732 1891 1015 1948 Tragoediam
1047 1896 1227 1934 imitari
1258 1895 1445 1949 potuerit
1484 1895 1572 1935 sine

198 1961 296 2001 ioco
328 1968 368 2001 et
399 1963 603 2017 parodia,
647 1977 736 2003 11011
768 1964 975 2019 intelligo.
1023 1966 1116 2005 Hoc
1147 1979 1249 2006 vero
1279 1980 1397 2006 nunc
1428 1966 1573 2007 obser-

197 2033 287 2072 vari
318 2033 465 2082 velim,
501 2034 653 2082 verba,
689 2048 802 2089 quae
831 2049 881 2075 ex
908 2036 982 2076 illa
1014 2037 1192 2091 promsit
1217 2037 1462 2078 Athenaeus
1486 2052 1574 2080 non

200 2103 364 2158 integra
405 2118 512 2144 esse:
558 2105 698 2144 attulit
734 2106 847 2145 enim
879 2105 963 2146 hoe
996 2108 1196 2147 consilio:
1244 2111 1300 2149 ὅτι
1331 2108 1375 2150 δὲ
1406 2110 1572 2167 ἀρχαῖον

200 2172 243 2219 ἦν
273 2174 315 2215 τὸ
346 2174 431 2234 περὶ
463 2174 548 2223 τοὺς
580 2179 822 2232 μονομάχους
852 2176 915 2217 καὶ
939 2177 1212 2238 Ἀριστοφάνης
1245 2180 1386 2239 εἴρηκεν
1416 2180 1454 2222 ἐν
1483 2183 1571 2223 Φοι-

200 2246 339 2294 νίσσαις
359 2248 489 2294 οὕτως.
525 2246 826 2301 Supplendum
846 2248 978 2303 igitur
1002 2249 1087 2289 hoc
1111 2250 1197 2290 sere
1222 2251 1370 2292 modo:
1390 2253 1571 2309 -άγῶ-

199 2334 246 2359 να
278 2321 340 2359 νῦν
371 2318 523 2359 ἑστοῖσιν
553 2319 720 2377 ἀρχαῖον
754 2320 907 2378 τρόπον.
964 2319 1051 2359 Nisi
1082 2320 1327 2362 huiusmodi
1355 2323 1571 2364 adiectum

202 2389 470 2445 cogitavisset
510 2388 776 2438 Athenaeus,
827 2390 980 2445 quidni
1023 2391 1167 2445 potius
1212 2398 1344 2433 totam
1386 2394 1570 2451 Tragoe-

201 2460 315 2500 diam
347 2460 622 2515 Euripideam
664 2467 810 2500 testem
842 2461 1032 2510 enasset,
1080 2469 1153 2502 aut
1191 2463 1221 2502 si
1255 2465 1430 2505 omnino
1462 2467 1570 2507 anti-

202 2532 346 2586 quitas
375 2545 550 2586 pugnae
582 2531 804 2586 singularis
841 2532 1174 2574 demonstranda
1206 2541 1317 2583 erat,
1356 2543 1571 2577 certamen

200 2602 378 2642 Menelai
419 2609 460 2642 et
500 2602 686 2658 Paridis,
730 2604 878 2657 qualia
926 2618 1023 2644 eum
1065 2619 1151 2645 non
1195 2606 1349 2661 fugisse
1389 2621 1570 2663 sequens

199 2673 430 2727 disputatio
461 2674 676 2714 ostendit?

262 2743 385 2786 1:374.
425 2744 620 2801 αἴσχιστον
650 2745 745 2787 αἰτῶ
776 2747 982 2805 στέφανον,
1014 2747 1172 2803 ὁμογενῆ
1206 2750 1369 2792 κτανεῖν.
1414 2749 1567 2792 Perve-
