2020 3326
435 227 521 268 232
838 220 1394 263 COMMENTARIUS.

504 362 626 403 1594.
668 366 797 420 σαφῶς
819 360 898 420 γὰρ
930 360 1008 402 εἷπε
1029 358 1220 417 Τειρεσίας
1252 359 1332 400 κτὲ.
1378 359 1625 417 Respicitne
1661 364 1798 405 Creon

444 449 556 490 quae
593 434 711 488 prius
745 432 921 472 Tiresias
951 432 988 470 ei
1020 430 1208 480 dixerat,
1250 445 1306 471 vs.
1338 429 1437 472 890.
1480 432 1595 476 ἐκεῖνο
1625 435 1691 492 μὲν
1719 438 1797 496 γὰρ

443 510 591 566 πρῶτον
633 502 675 549 ἦν
687 539 704 560 ,
746 508 821 545 τῶν
853 501 1019 546 Οἰδίπου
1059 500 1205 559 μηδένα
1237 502 1390 552 πολίτην
1420 503 1513 560 μηδ’
1544 507 1678 550 ἄνακτ’
1710 510 1798 550 εἶναι

446 579 588 634 χθονός
628 576 708 619 κτὲ.
763 575 838 616 11111
880 589 968 615 11011
1003 575 1126 615 nimis
1172 577 1466 632 »perspicue'’
1515 578 1619 619 dixit
1657 586 1796 629 vates,

444 649 601 705 quibus
625 662 741 689 nunc
766 648 928 688 nitatur
950 646 1120 687 Creon?
1146 647 1240 687 Non
1267 648 1420 698 credo,
1446 650 1517 690 sed
1544 650 1657 691 1111110
1680 650 1802 692 Oedi-

441 735 500 777 po
533 722 576 761 in
609 721 855 761 memoriam
889 733 1091 760 revocare
1120 718 1293 759 effatum
1329 720 1530 771 Tiresiae,
1565 736 1615 762 eo
1643 730 1803 779 tempo-

440 807 486 834 re
518 806 606 848 quo
646 792 773 847 pestis
803 797 981 847 propter
1020 790 1297 846 parricidium
1334 799 1374 832 et
1409 793 1616 834 incestum
1647 794 1800 850 Oedipi

442 865 591 905 urbem
634 870 836 905 vastaret:
879 862 1012 918 idque
1043 862 1290 917 Euripidem
1332 877 1419 904 non
1461 878 1510 905 ex
1551 879 1625 906 sua
1656 866 1801 907 fabula

443 944 483 977 et
515 942 779 984 commento,
814 934 888 975 sed
919 948 969 974 ex
1001 941 1175 990 recepta
1205 935 1432 975 traditione
1463 936 1661 978 hausisse.

507 1007 629 1048 1600.
690 1006 754 1048 καὶ
788 1006 959 1064 τλήμον’,
999 1007 1034 1048 εἴ
1061 1022 1114 1055 τις
1146 1005 1260 1055 ἄλλος
1293 1008 1508 1067 ἀνθρώπων
1538 1011 1618 1068 ἔφυ.
1671 1009 1803 1049 Pessi-

440 1095 557 1120 mum
594 1094 760 1120 versum
803 1079 1069 1119 correctione
1100 1092 1187 1118 non
1217 1078 1332 1119 bona
1363 1080 1556 1135 Euripidi
1589 1081 1804 1121 vindicare

443 1152 603 1192 studuit
632 1151 990 1197 Valckenaerius,
1026 1151 1287 1206 »religiosior
1315 1151 1358 1191 in
1389 1153 1582 1192 extremis
1610 1153 1805 1193 Phoenis-

693 1223 716 1239 ’7

445 1225 496 1263 sis
524 1224 685 1272 factus,
750 1229 796 1262 ut
828 1223 884 1262 ait
915 1223 1204 1262 Hermannus:
1244 1223 1364 1262 cuius
1396 1237 1523 1264 causa
1554 1238 1806 1264 commemo-

443 1310 515 1344 ro,
570 1309 667 1334 eum
705 1295 749 1334 in
776 1294 966 1349 margine
994 1294 1174 1349 exempli
1207 1293 1402 1334 editionis
1437 1308 1537 1335 suae
1568 1296 1802 1351 scripsisse:

1054 1365 1077 1381 θ’

447 1380 624 1408 »versus
663 1366 832 1422 spurius
866 1365 1046 1405 videtur.
1122 1365 1206 1404 Sed
1237 1366 1344 1420 quid
1372 1366 1575 1407 faciemus
1609 1367 1802 1416 Klotzio,

447 1438 657 1479 scribente
685 1436 919 1477 notandam
950 1450 1035 1476 esse
1077 1450 1255 1476 »00111111
1287 1437 1525 1487 libidinem,
1570 1439 1645 1493 qui
1671 1453 1809 1493 nuper

447 1525 577 1566 quem
612 1523 697 1549 non
724 1509 1021 1548 intellexissent
1052 1522 1215 1549 versum
1248 1509 1367 1548 ocius
1394 1509 1677 1550 eiecerunt?'’
1723 1511 1805 1562 Qui

447 1584 661 1622 eiecerunt
704 1586 908 1620 noverant
949 1594 1069 1619 usum
1108 1579 1385 1635 Tragicorum
1426 1587 1466 1620 et
1495 1581 1606 1636 leges
1638 1582 1807 1637 linguae

448 1666 642 1710 graecae.
676 1651 817 1695 Verba
844 1651 1016 1706 vulgata
1043 1651 1305 1706 significant:
1336 1653 1378 1691 sa·
1399 1653 1502 1706 qais
1528 1653 1649 1693 alius
1674 1653 1808 1694 laomi-

450 1741 556 1765 num
577 1730 714 1764 natas
737 1729 815 1764 est.
840 1723 1010 1763 Klotzio
1033 1723 1234 1777 exemplis
1261 1723 1637 1764 demonstrandum
1657 1732 1804 1774 restat,

450 1799 494 1838 in
530 1798 600 1837 illa
634 1796 850 1836 locutione
887 1795 1063 1849 intelligi
1092 1795 1219 1834 licere
1249 1795 1557 1836 nominativum
1584 1796 1805 1846 adiectivi,

454 1870 525 1909 11111
560 1869 828 1909 accusativus
855 1867 1143 1921 praecesserit.

520 1940 621 1980 1601
653 1954 751 1994 sqq.
801 1937 839 1980 av
871 1938 934 1979 καὶ
966 1937 1052 1998 πρὶν
1083 1963 1139 1967 ——
1169 1940 1328 1998 πατρός.
1385 1939 1633 1979 Rectissime
1664 1940 1811 1981 docuit

455 2012 790 2054 Valckenaerius
820 2010 928 2051 haec
960 2010 1128 2050 traduci
1166 2010 1220 2050 ab
1251 2010 1537 2065 Aristophane
1566 2011 1609 2051 in
1638 2011 1808 2062 Ram‘s,

460 2083 584 2124 1184.
633 2083 705 2124 ubi
750 2097 1015 2138 quamquam
1062 2083 1201 2138 agitur
1241 2082 1294 2122 de
1337 2083 1587 2138 repetitione
1629 2083 1812 2124 eiusdem

459 2156 689 2196 sententiae
727 2154 804 2210 (δὶς
827 2154 967 2197 ταύτὸν
988 2154 1144 2211 λέγειν),
1185 2161 1325 2194 tamen
1352 2155 1518 2194 acutius
1549 2155 1646 2194 lusit
1675 2154 1813 2196 Comi-

458 2242 533 2267 cus
564 2241 694 2282 quam
723 2228 917 2267 nonnulli
949 2232 1269 2283 perspexerunt.
1314 2225 1456 2277 Quum
1492 2227 1602 2265 enim
1630 2227 1814 2281 primum

457 2313 625 2339 versum
664 2298 920 2355 Antigonae
961 2312 1060 2338 suae
1099 2298 1312 2337 recitasset
1344 2297 1590 2352 Euripides,
1637 2299 1814 2354 arripuit

459 2370 762 2425 Aristophanes
813 2370 1084 2410 occasionem
1127 2369 1294 2409 ridendi
1339 2368 1416 2408 hos
1457 2368 1814 2409 Phoenz‘ssarum

461 2456 624 2491 versus,
658 2443 990 2497 perstrinxitque
1026 2441 1268 2496 ambiguam
1299 2441 1573 2489 sententiam,
1615 2455 1727 2496 quae
1757 2441 1812 2480 ri-

464 2514 607 2553 dicula
637 2513 735 2564 fiet,
767 2514 798 2553 si
829 2514 888 2554 sic
919 2513 1224 2569 interpreteris:
1263 2512 1517 2567 praedixisse
1547 2512 1808 2567 Apollinem,

463 2584 676 2639 Oedipum
699 2585 890 2625 nondum
916 2591 1065 2625 natum
1092 2584 1223 2640 patris
1247 2584 1559 2623 interfectorem
1586 2584 1697 2634 fore3
1731 2584 1813 2623 hoc

462 2662 508 2694 ut
559 2663 726 2712 urgeret
764 2656 1098 2712 Aristophanes,
1140 2655 1398 2710 Aeschylum
1445 2655 1655 2695 dicentem
1688 2656 1808 2695 fecit:

459 2725 543 2785 πρὶν
574 2726 637 2768 καὶ
668 2728 870 2783 γεγονέναι.
906 2735 1017 2769 tum:
1053 2732 1133 2777 πῶς
1165 2723 1268 2775 οὗτος
1301 2724 1343 2772 ἦν
1374 2726 1416 2768 τὸ
1448 2731 1595 2785 πρῶτον
1626 2726 1814 2782 ebriatis-mu
