2020 3326
661 259 1225 301 COMMENTARIUS.
1551 258 1636 298 205

263 398 450 453 alrmquc
492 397 799 453 proprietatem
844 396 1098 451 designant:
1148 396 1295 451 itaque
1337 396 1453 437 iuxta
1499 396 1635 450 posita

267 477 385 519 snut,
431 471 495 511 vel
531 470 774 516 cumulata,
819 482 906 508 non
948 468 1168 522 copulata.
1224 469 1421 523 Reliquis
1451 468 1634 516 omissis,

264 555 378 595 quae
421 541 609 582 eiusdem
641 547 738 580 sunt
776 540 962 595 generis,
1008 539 1096 579 duo
1136 553 1298 595 ponam
1339 553 1478 595 quae,
1515 539 1637 594 quod

264 614 335 653 καί
356 613 496 661 adest,
525 614 713 667 aliquam
737 612 821 653 vim
852 610 1009 651 habere
1032 611 1168 651 minus
1196 612 1365 652 attentis
1388 611 1631 652 videantur:

263 684 422 739 Agant.
451 684 521 724 43.
564 683 740 741 διθρόνου
771 682 835 724 καὶ
869 682 1103 742 δισκήπτρου
1135 689 1272 739 τιμῆς,
1314 685 1358 724 in
1391 698 1482 739 quo
1513 683 1632 723 thro-

264 770 343 795 nus
374 763 414 796 et
440 762 681 812 sceptrum,
716 762 760 795 ut
789 755 947 795 centies
973 755 1045 803 fit,
1076 755 1327 810 iunguntur.
1360 754 1494 810 Soph.
1527 754 1632 795 Oecl.

270 828 367 881 Tyr.
403 827 528 868 1320.
566 827 688 869 διπλοῖ
720 844 760 868 σε
794 828 946 868 πενθεῖν
978 826 1041 867 καὶ
1076 825 1200 869 διπλοῖ
1232 828 1349 887 φέρειν
1382 830 1518 881 κακοξ;
1561 827 1636 867 sed

267 901 382 959 φέρειν
414 906 453 939 et
485 901 640 941 τῖενὲεἴν
672 900 854 939 multum
887 898 1115 947 differunt,
1156 899 1403 953 praesertim
1437 899 1479 939 h.
1508 900 1538 938 l.
1570 913 1634 938 re-

264 973 350 1012 lata
398 971 453 1011 ad
486 972 679 1026 proxima
721 970 875 1025 Oedipi
916 970 1060 1011 verba.
1104 970 1172 1010 An
1209 970 1452 1025 quidquam
1482 970 1637 1010 horum

263 1043 396 1082 simile
432 1049 493 1082 est
524 1043 635 1082 illius
677 1042 1036 1096 »duplicitatis:”
1078 1040 1201 1083 δισσὼ
1232 1042 1442 1102 στρατηγὼ
1473 1041 1537 1082 καὶ
1573 1041 1632 1083 δι-

262 1115 347 1156 πλῶ
379 1114 666 1174 στρατηλάταῖ)
697 1113 957 1168 Aeschylus,
995 1113 1152 1161 credo,
1182 1113 1300 1153 haud
1330 1114 1464 1169 magis
1491 1114 1632 1153 ‹lictu-

261 1200 331 1225 rus
362 1193 451 1226 erat
493 1185 646 1234 διπλοῦς
679 1185 770 1227 λέων
806 1184 889 1224 καὶ
922 1183 1078 1232 διπλοῦς
1101 1184 1252 1244 Ἄρης,
1284 1199 1417 1239 quam
1448 1186 1540 1244 ὁραῗν
1572 1184 1632 1226 δι-

264 1257 369 1305 πλοῖς
402 1261 545 1314 ὄμμασι
577 1257 660 1298 καὶ
695 1256 844 1304 διπλοῖς
864 1255 1092 1314 ὀφθαλμοῖς.
1132 1256 1247 1307 Quid
1281 1257 1409 1312 igitur
1444 1247 1634 1297 veterum

262 1329 447 1368 luxuries
473 1329 738 1383 duplicitatis
770 1327 935 1368 confert
964 1327 1020 1366 ad
1044 1327 1437 1367 commendandum
1468 1342 1633 1368 versum

265 1399 660 1440 Phoem'ssaramsl
703 1400 762 1439 Dc
806 1398 962 1454 copula
997 1399 1069 1439 καί
1100 1399 1377 1454 respondebit
1414 1399 1631 1440 Klotzius:

264 1471 416 1511 »Prior
455 1472 567 1511 enim
600 1485 704 1520 vox,
749 1469 875 1512 δισσὼ
907 1471 1144 1530 στρατηγὼ,
1176 1495 1234 1501 -«
1269 1471 1402 1527 magis
1442 1471 1634 1512 universe

262 1543 395 1584 daces
428 1543 641 1599 significat
684 1549 724 1583 et
756 1557 842 1583 non
881 1543 1019 1583 solum
1056 1543 1112 1583 ad
1144 1556 1232 1583 rem
1264 1543 1510 1592 militarem,
1560 1543 1634 1583 sed

259 1614 314 1654 ad
345 1628 470 1654 omne
498 1615 725 1670 imperium
753 1615 958 1670 pertinet,
995 1615 1128 1654 altera
1158 1621 1321 1663 autem,
1356 1613 1482 1656 διπλῶ
1511 1630 1632 1675 στρα-

262 1686 444 1741 τηλάτα,
486 1687 620 1742 magis
658 1687 715 1726 rei
758 1686 950 1726 militaris
981 1686 1159 1741 propria
1191 1692 1272 1733 est,
1313 1686 1520 1741 quocirca
1553 1701 1632 1727 ne-

257 1772 371 1798 cesse
401 1764 460 1798 est
488 1757 689 1813 intelligi,
725 1771 813 1798 non
843 1758 976 1813 magis
1001 1757 1222 1797 offensioni
1254 1771 1341 1797 esse
1365 1771 1488 1812 posse
1517 1757 1630 1798 hanc

259 1829 472 1885 Euripidis
504 1843 676 1878 vocem,
712 1844 846 1884 quam
876 1829 907 1869 si
939 1829 1069 1869 latine
1100 1830 1234 1869 duces
1267 1833 1404 1883 atque
1432 1831 1629 1883 impera-

256 1906 376 1941 tores
404 1901 566 1941 dicas.'’
601 1901 734 1956 Atqui
760 1901 945 1941 Romani
974 1900 1118 1941 dicere
1142 1907 1400 1955 potuerunt:
1432 1900 1519 1941 dico
1546 1901 1627 1941 du-

258 1987 328 2012 ces
358 1978 399 2013 et
423 1975 742 2026 imperatores,
774 1986 884 2012 non:
917 1972 1004 2012 deco
1034 1972 1168 2012 clecces
1200 1978 1242 2011 et
1269 1972 1356 2011 cluo
1382 1973 1627 2026 imperato-

258 2057 352 2092 res,
387 2049 433 2083 ut
464 2050 567 2083 esset
592 2043 637 2082 id
668 2043 811 2097 quod,
841 2043 928 2083 (leco
955 2043 1089 2083 daces
1115 2045 1197 2097 qui
1221 2043 1362 2083 simul
1385 2044 1627 2096 breperato-

258 2128 333 2154 res
360 2119 480 2154 sunl.
521 2114 616 2154 Non
650 2127 760 2168 nego
794 2114 970 2168 quidem
1001 2114 1181 2154 alterum
1212 2113 1473 2155 vocabulum
1504 2130 1626 2170 grae-

256 2198 355 2224 cum
395 2184 449 2224 ab
491 2185 623 2224 altero
665 2185 722 2224 ita
765 2184 966 2239 distingui
1002 2199 1126 2240 posse
1175 2192 1220 2225 ut
1259 2186 1532 2245 στρατηλάτης
1576 2188 1627 2228 sit

256 2255 355 2295 belli
397 2255 462 2295 vel
504 2255 784 2311 expeditionis
820 2255 1186 2296 bellicaeauctor
1218 2263 1258 2296 et
1290 2271 1477 2298 summus
1507 2259 1621 2310 dux,

257 2329 472 2387 στρατηγός
503 2326 679 2367 secundi
711 2326 870 2366 ordinis
903 2327 1013 2376 dux,
1048 2328 1114 2368 vel
1136 2328 1301 2368 inverso
1329 2329 1500 2379 ordine,
1534 2344 1623 2385 quo

258 2398 567 2439 conserendum
607 2397 804 2438 videatur
838 2398 882 2438 in
923 2398 1060 2454 Soph.
1088 2398 1161 2438 Αἱ.
1192 2398 1315 2441 1078.
1349 2402 1520 2460 ὕπαρχος
1549 2402 1623 2443 ἅλ-

255 2471 329 2512 >mv
369 2469 470 2529 δεῦρ’
512 2469 728 2524 ἔπλευσας,
771 2469 844 2526 οὐχ
885 2469 1010 2512 ὅλων
1042 2471 1292 2529 Στρατηγός,
1334 2472 1419 2520 ὥςτ’
1462 2473 1622 2524 Αἴαντος

255 2543 431 2598 ἡγεῖσθαί
456 2557 561 2582 ποτε.
617 2541 701 2581 Sed
728 2547 880 2596 poetae
919 2555 1067 2581 eorum
1097 2556 1220 2582 usum
1250 2543 1507 2599 plerumque
1536 2561 1624 2588 non

258 2613 366 2652 adeo
393 2613 684 2653 discreverunt
720 2618 765 2651 ut
792 2613 1067 2653 collocationi
1099 2614 1360 2655 necessariae
1394 2616 1622 2659 verborum

256 2684 320 2725 vel
360 2690 495 2724 metro
534 2697 622 2723 non
662 2683 827 2737 aliquid
869 2684 1192 2725 concederent:
1225 2684 1391 2728 Orestes
1427 2696 1541 2730 certe
1579 2691 1622 2730 in

253 2755 506 2811 cognomine
547 2754 694 2795 fabula
725 2754 961 2810 Euripidis,
999 2753 1096 2798 574.
1137 2756 1499 2812 Agamemnonem
1542 2776 1620 2817 ap-
