2020 3326
425 269 511 310 20ss
831 261 1394 304 COMMENTARIUS.

425 406 558 461 pellat
599 407 726 450 πάσης
767 400 861 459 ὑπὲρ
893 405 962 456 γῆς
995 396 1190 446 Ἑλλάδος
1221 398 1507 459 στρατηλάτην.
1554 405 1596 439 at
1634 399 1787 440 deinde

425 490 482 516 vs.
513 476 611 517 717.
644 473 857 512 Menelaus
886 471 1045 510 dicitur
1077 470 1368 529 στρατηλατεῖν.
1425 471 1475 509 111
1507 468 1662 524 Secppl.
1693 470 1790 511 102.

425 553 585 600 septem
638 544 769 583 duces
816 542 1098 597 expeditionis
1143 549 1240 582 sunt
1288 543 1510 602 στρατηγοί.
1567 548 1607 581 et
1652 548 1794 581 tamen

424 617 616 657 Eteocles
640 616 682 655 in
714 614 885 655 Plzoen.
916 614 1039 653 1232.
1074 613 1310 668 alloquitur
1333 614 1604 674 στρατηλάτας
1639 613 1793 652 utrius-

423 701 509 742 que
550 687 784 735 exercitus3
834 685 889 725 cf.
938 683 1048 724 1248
1075 691 1115 724 et
1152 683 1276 724 1468.
1316 693 1355 726 et
1392 687 1435 726 in
1475 685 1632 739 Sappl.
1669 683 1791 724 1216.

422 759 663 813 AegialeuS‚
684 771 793 798 unus
810 762 970 812 septem
984 756 1276 811 Epigonorum
1302 763 1479 797 vocatur
1503 756 1790 816 στρατηλάτης,

423 837 463 870 et
493 830 552 869 sic
576 843 721 884 porro.
751 829 905 882 Itaque
931 833 1100 882 poterat
1130 828 1303 867 fortasse
1330 828 1554 883 Euripides
1578 828 1794 868 Eteoclen]

423 908 463 941 et
491 901 738 955 Polyniccm
778 901 821 940 in
849 899 984 953 lyrico
1016 899 1203 939 carmine
1233 898 1355 940 δισσὼ
1387 900 1625 959 στρατηγὼ,
1667 897 1792 940 διπλῶ

424 973 678 1032 στρατηλάτα
711 972 956 1027 appellare,
1005 970 1173 1010 adiecta
1210 985 1310 1011 vero
1348 973 1505 1027 copula
1537 972 1580 1011 111
1611 971 1708 1010 loco
1740 970 1794 1009 de

424 1059 514 1100 quo
549 1045 815 1099 disputamus
851 1055 939 1082 non
970 1042 1137 1096 potuit,
1182 1043 1387 1097 quoniam
1421 1044 1495 1098 qui
1524 1043 1794 1103 στρατηλάτης

427 1123 510 1164 est,
554 1116 665 1155 idem
697 1121 810 1155 certe
850 1115 1086 1174 στρατηγόςῑ
1130 1128 1230 1153 nam
1261 1115 1383 1168 quod
1414 1116 1509 1169 quis
1539 1115 1714 1155 obiiciat
1744 1128 1794 1154 ex

429 1187 580 1242 Iphig.
605 1187 640 1226 T
637 1201 737 1226 aur.
760 1186 859 1226 239.
883 1184 1165 1241 ’Λγαμέμνονος
1188 1188 1266 1226 παῖ
1283 1185 1346 1226 καὶ
1370 1185 1714 1246 Κλυταιμνήστρας
1734 1188 1794 1226 τέ-

427 1275 520 1312 κος,
560 1259 604 1297 111
643 1258 727 1297 hoc
769 1271 890 1297 versu
929 1259 1021 1304 παῖς
1051 1263 1255 1297 accurate
1287 1257 1341 1297 ad
1374 1264 1563 1312 patrem,
1604 1260 1708 1305 τέκος
1738 1256 1794 1296 ad

429 1335 609 1369 matrem
638 1328 840 1376 refertur,
890 1334 935 1367 ut
976 1328 1107 1367 nolim
1151 1341 1200 1367 eo
1232 1328 1411 1368 abusum
1443 1343 1528 1369 esse
1561 1329 1798 1369 Porsonum

427 1413 557 1454 supra
586 1398 639 1438 ad
657 1413 714 1438 vs.
740 1399 809 1437 22.
830 1398 1260 1440 —Valckenaerius:
1298 1416 1312 1434 >³
1332 1399 1562 1454 Reponere
1592 1404 1796 1454 poterunt

430 1469 553 1512 δισσὼ
585 1469 782 1525 ξυναίμω,
813 1468 877 1510 καὶ
911 1469 1035 1511 διπλῶ
1066 1469 1350 1529 στρατηλάτα,
1383 1477 1513 1525 atque
1541 1471 1657 1510 illam
1687 1470 1798 1509 mul-

432 1542 482 1582 tis
525 1554 729 1581 exornare
774 1541 1095 1580 coniecturam:
1151 1554 1294 1595 neque
1339 1547 1478 1580 tamen
1524 1541 1709 1581 efficient
1752 1547 1797 1579 ut

428 1613 529 1667 ipsis
559 1626 638 1667 ego
670 1611 846 1666 quidem
877 1611 1120 1651 assentiar.''
1168 1611 1318 1666 Neque
1350 1618 1395 1650 ut
1426 1625 1519 1666 ego.
1559 1611 1793 1651 „Pondus”

430 1690 572 1723 autem
616 1683 742 1722 huius
784 1695 955 1731 versuS‚
1015 1681 1137 1737 quod
1184 1682 1455 1722 commendat
1500 1683 1789 1730 Hermannus,

429 1768 546 1794 nunc
576 1754 775 1809 quidem,
818 1754 969 1793 eiicere
1000 1753 1125 1794 velim
1166 1759 1387 1807 tamquam
1425 1753 1614 1792 inutilem
1646 1752 1794 1792 sabur-

430 1839 547 1875 ram,
583 1838 774 1879 quacum
814 1824 884 1863 alii
923 1824 1125 1879 navigent
1157 1830 1202 1862 ut
1234 1830 1458 1878 poterunt:
1503 1824 1791 1863 Hermannum

430 1897 513 1936 iam
544 1897 586 1936 in
612 1902 787 1951 portum
817 1895 988 1934 rediisse
1015 1893 1214 1941 confido,
1243 1895 1491 1948 praesertim
1519 1895 1550 1934 si
1578 1895 1680 1935 mihi
1710 1895 1793 1934 lar-

431 1968 541 2023 gitus
581 1968 631 2006 sit
667 1980 811 2006 veram
846 1966 1175 2022 explicationem
1214 1965 1466 2012 verborum,
1516 1980 1629 2020 quae
1675 1980 1791 2006 nunc

431 2040 475 2079 111
505 2037 710 2093 Euripide
739 2037 968 2093 leguntur,
1002 2036 1114 2076 hanc
1145 2050 1251 2076 esse:
1287 2037 1628 2092 sleleruntfilii
1660 2036 1792 2078 Oedi-

426 2112 478 2164 pi
507 2113 555 2151 in
580 2109 907 2166 μεταιχμίῳ,
939 2113 1167 2163 tamquam
1192 2108 1278 2148 duo
1308 2110 1606 2163 imperalores
1638 2114 1680 2148 et
1709 2109 1795 2148 duo

431 2182 590 2230 duces,
622 2195 809 2235 quorum
838 2194 1001 2219 munus
1039 2184 1155 2219 esset
1182 2179 1417 2234 singulare
1447 2185 1670 2219 cerlamen
1702 2181 1793 2219 z'm'-

434 2267 498 2292 re.
543 2277 600 2282 —
639 2252 711 2291 His
750 2250 1000 2306 disputatis,
1050 2249 1081 2289 si
1124 2249 1413 2289 demonstrare
1459 2250 1561 2289 mihi
1617 2250 1795 2305 contigit

432 2337 620 2370 versum,
655 2329 701 2362 ut
730 2336 845 2362 nunc
877 2321 1178 2361 circumfertur
1204 2321 1325 2360 malis
1352 2321 1638 2376 Interpretum
1665 2321 1798 2375 expli-

435 2394 674 2434 cationibus
719 2393 941 2441 suffultus,
991 2392 1262 2432 tolerandum
1309 2405 1395 2432 non
1438 2406 1555 2441 esse,
1606 2393 1798 2446 sequitur

435 2479 532 2505 eum
569 2472 642 2505 aut
674 2464 976 2519 expellendum
1005 2477 1118 2512 esse,
1151 2470 1223 2502 aut
1263 2463 1587 2518 corrigendum:
1630 2469 1669 2502 et
1702 2463 1795 2502 lau-

436 2536 627 2575 dandum
665 2536 855 2575 existimo
895 2534 1230 2582 Firnhaberum‚
1274 2534 1393 2588 quod
1430 2535 1456 2574 l.
1489 2535 1516 2573 l.
1555 2549 1598 2588 p.
1634 2533 1691 2574 92
1727 2547 1792 2587 sq.

439 2607 602 2660 aliquid
634 2621 758 2646 ausus
796 2613 878 2655 est,
925 2606 1001 2661 qui
1029 2606 1060 2645 si
1091 2606 1223 2661 paulo
1253 2605 1412 2645 diutius
1449 2604 1795 2646 consideravisset

438 2677 546 2730 quid
579 2678 844 2732 requiratur,
878 2677 997 2718 haud
1026 2677 1156 2717 dubie
1184 2676 1268 2717 hac
1297 2677 1381 2716 leni
1410 2677 1644 2715 mutatione
1674 2675 1798 2728 longe

439 2746 644 2789 diversam
671 2749 919 2789 sententiam
944 2748 1082 2791 verbis
1106 2747 1376 2788 reddidisset:
1409 2760 1561 2801 nempe
1590 2744 1796 2785 mutando
