<?xml version="1.0" encoding="UTF-8"?>
<!DOCTYPE html PUBLIC "-//W3C//DTD XHTML 1.0 Transitional//EN"
    "http://www.w3.org/TR/xhtml1/DTD/xhtml1-transitional.dtd">
<html xmlns="http://www.w3.org/1999/xhtml" xml:lang="en" lang="en">
 <head>
  <title>
</title>
<meta http-equiv="Content-Type" content="text/html;charset=utf-8" />
  <meta name='ocr-system' content='tesseract 3.04.00' />
  <meta name='ocr-capabilities' content='ocr_page ocr_carea ocr_par ocr_line ocrx_word'/>
</head>
<body>
  <div class='ocr_page' id='page_1' title='image "./phoenissaecumcom00euriuoft_0238.png"; bbox 0 0 2020 3326; ppageno 0'>
   <div class='ocr_carea' id='block_1_1' title="bbox 387 230 1352 281">
    <p class='ocr_par' dir='ltr' id='par_1_1' title="bbox 387 230 1352 281">
     <span class='ocr_line' id='line_1_1' title="bbox 387 230 1352 281; baseline -0.009 0"><span class='ocrx_word' id='word_1_1' title='bbox 387 240 472 281; x_wconf 80' lang='lat'>216</span> <span class='ocrx_word' id='word_1_2' title='bbox 787 230 1352 275; x_wconf 85' lang='lat' dir='ltr'><strong>COMMENTARIUS.</strong></span> 
     </span>
    </p>
   </div>
   <div class='ocr_carea' id='block_1_2' title="bbox 389 368 1782 2778">
    <p class='ocr_par' dir='ltr' id='par_1_2' title="bbox 389 368 1763 502">
     <span class='ocr_line' id='line_1_2' title="bbox 395 368 1763 431; baseline -0.002 -14"><span class='ocrx_word' id='word_1_3' title='bbox 395 377 449 417; x_wconf 84' lang='lat' dir='ltr'>eii</span> <span class='ocrx_word' id='word_1_4' title='bbox 475 374 740 431; x_wconf 76' lang='lat' dir='ltr'>significant3</span> <span class='ocrx_word' id='word_1_5' title='bbox 773 383 908 425; x_wconf 78' lang='lat' dir='ltr'>quum</span> <span class='ocrx_word' id='word_1_6' title='bbox 935 368 1066 408; x_wconf 74' lang='lat' dir='ltr'>tabae</span> <span class='ocrx_word' id='word_1_7' title='bbox 1096 368 1308 424; x_wconf 77' lang='lat' dir='ltr'>clangor,</span> <span class='ocrx_word' id='word_1_8' title='bbox 1341 371 1521 426; x_wconf 68' lang='lat' dir='ltr'>Signum</span> <span class='ocrx_word' id='word_1_9' title='bbox 1551 379 1763 414; x_wconf 74' lang='lat' dir='ltr'>cruentae</span> 
     </span>
     <span class='ocr_line' id='line_1_3' title="bbox 389 438 1692 502; baseline -0.002 -16"><span class='ocrx_word' id='word_1_10' title='bbox 389 459 594 502; x_wconf 69' lang='lat' dir='ltr'>pugnae,</span> <span class='ocrx_word' id='word_1_11' title='bbox 630 441 838 483; x_wconf 72' lang='lat' dir='ltr'>sublatas</span> <span class='ocrx_word' id='word_1_12' title='bbox 866 444 1006 488; x_wconf 76' lang='lat' dir='ltr'>esset,</span> <span class='ocrx_word' id='word_1_13' title='bbox 1041 443 1272 494; x_wconf 67' lang='lat' dir='ltr'>tamquam</span> <span class='ocrx_word' id='word_1_14' title='bbox 1290 438 1390 495; x_wconf 76' lang='lat' dir='ltr'>fax</span> <span class='ocrx_word' id='word_1_15' title='bbox 1418 443 1692 483; x_wconf 72' lang='lat' dir='ltr'>cursoribus.</span> 
     </span>
    </p>

    <p class='ocr_par' dir='ltr' id='par_1_3' title="bbox 392 509 1782 2623">
     <span class='ocr_line' id='line_1_4' title="bbox 458 509 1763 569; baseline -0.002 -13"><span class='ocrx_word' id='word_1_16' title='bbox 458 515 580 556; x_wconf 83' lang='lat'>1385.</span> <span class='ocrx_word' id='word_1_17' title='bbox 624 516 764 569; x_wconf 76' lang='grc' dir='ltr'><em>κάπροι</em></span> <span class='ocrx_word' id='word_1_18' title='bbox 798 510 834 553; x_wconf 84' lang='grc' dir='ltr'>δ’</span> <span class='ocrx_word' id='word_1_19' title='bbox 858 514 958 558; x_wconf 79' lang='grc' dir='ltr'>ὅπως</span> <span class='ocrx_word' id='word_1_20' title='bbox 992 509 1072 552; x_wconf 83' lang='grc' dir='ltr'>κτὲ.</span> <span class='ocrx_word' id='word_1_21' title='bbox 1130 509 1227 550; x_wconf 85' lang='lat' dir='ltr'>Post</span> <span class='ocrx_word' id='word_1_22' title='bbox 1258 509 1375 552; x_wconf 88' lang='lat' dir='ltr'>hunc</span> <span class='ocrx_word' id='word_1_23' title='bbox 1407 525 1572 553; x_wconf 87' lang='lat' dir='ltr'>versum</span> <span class='ocrx_word' id='word_1_24' title='bbox 1604 512 1763 569; x_wconf 84' lang='lat' dir='ltr'>Grego-</span> 
     </span>
     <span class='ocr_line' id='line_1_5' title="bbox 395 582 1759 641; baseline -0.002 -13"><span class='ocrx_word' id='word_1_25' title='bbox 395 588 482 628; x_wconf 83' lang='lat' dir='ltr'><strong>rius</strong></span> <span class='ocrx_word' id='word_1_26' title='bbox 513 587 617 626; x_wconf 80' lang='lat' dir='ltr'>NaZ.</span> <span class='ocrx_word' id='word_1_27' title='bbox 658 601 700 641; x_wconf 88' lang='lat' dir='ltr'>p.</span> <span class='ocrx_word' id='word_1_28' title='bbox 734 582 807 625; x_wconf 76' lang='lat'>28.</span> <span class='ocrx_word' id='word_1_29' title='bbox 845 582 887 622; x_wconf 85' lang='lat' dir='ltr'>d.</span> <span class='ocrx_word' id='word_1_30' title='bbox 933 583 1080 623; x_wconf 88' lang='lat' dir='ltr'>locum</span> <span class='ocrx_word' id='word_1_31' title='bbox 1122 595 1358 636; x_wconf 83' lang='lat' dir='ltr'>usurpans,</span> <span class='ocrx_word' id='word_1_32' title='bbox 1403 582 1520 624; x_wconf 87' lang='lat' dir='ltr'>hunc</span> <span class='ocrx_word' id='word_1_33' title='bbox 1565 585 1759 641; x_wconf 85' lang='lat' dir='ltr'><strong>supplet,</strong></span> 
     </span>
     <span class='ocr_line' id='line_1_6' title="bbox 395 654 1764 714; baseline -0.002 -15"><span class='ocrx_word' id='word_1_34' title='bbox 395 659 471 714; x_wconf 88' lang='lat' dir='ltr'>qui</span> <span class='ocrx_word' id='word_1_35' title='bbox 509 671 589 697; x_wconf 85' lang='lat' dir='ltr'>nee</span> <span class='ocrx_word' id='word_1_36' title='bbox 624 657 668 696; x_wconf 91' lang='lat' dir='ltr'>in</span> <span class='ocrx_word' id='word_1_37' title='bbox 700 654 830 695; x_wconf 83' lang='lat' dir='ltr'>codd.</span> <span class='ocrx_word' id='word_1_38' title='bbox 872 667 990 693; x_wconf 86' lang='lat' dir='ltr'>nunc</span> <span class='ocrx_word' id='word_1_39' title='bbox 1031 659 1213 708; x_wconf 83' lang='lat' dir='ltr'>apparet</span> <span class='ocrx_word' id='word_1_40' title='bbox 1256 667 1399 708; x_wconf 88' lang='lat' dir='ltr'>neque</span> <span class='ocrx_word' id='word_1_41' title='bbox 1439 655 1528 695; x_wconf 87' lang='lat' dir='ltr'>eius</span> <span class='ocrx_word' id='word_1_42' title='bbox 1561 656 1764 696; x_wconf 85' lang='lat' dir='ltr'>memine-</span> 
     </span>
     <span class='ocr_line' id='line_1_7' title="bbox 392 723 1761 784; baseline 0 -15"><span class='ocrx_word' id='word_1_43' title='bbox 392 735 492 770; x_wconf 85' lang='lat' dir='ltr'>runt</span> <span class='ocrx_word' id='word_1_44' title='bbox 524 727 812 768; x_wconf 82' lang='lat' dir='ltr'>Scholiastae:</span> <span class='ocrx_word' id='word_1_45' title='bbox 869 723 977 775; x_wconf 77' lang='grc' dir='ltr'><em>λοξὸν</em></span> <span class='ocrx_word' id='word_1_46' title='bbox 1021 723 1221 780; x_wconf 82' lang='grc' dir='ltr'><em>βλέποντες</em></span> <span class='ocrx_word' id='word_1_47' title='bbox 1262 724 1437 784; x_wconf 80' lang='grc' dir='ltr'>ἐμπύροις</span> <span class='ocrx_word' id='word_1_48' title='bbox 1479 730 1553 775; x_wconf 77' lang='grc' dir='ltr'><em>τοῖς</em></span> <span class='ocrx_word' id='word_1_49' title='bbox 1583 730 1761 784; x_wconf 78' lang='grc' dir='ltr'><em>ὄμμασιν.</em></span> 
     </span>
     <span class='ocr_line' id='line_1_8' title="bbox 395 796 1766 856; baseline 0 -16"><span class='ocrx_word' id='word_1_50' title='bbox 395 799 733 844; x_wconf 83' lang='lat' dir='ltr'>Valckenaerius</span> <span class='ocrx_word' id='word_1_51' title='bbox 761 811 858 838; x_wconf 90' lang='lat' dir='ltr'>eum</span> <span class='ocrx_word' id='word_1_52' title='bbox 882 797 1017 852; x_wconf 80' lang='lat' dir='ltr'>recipi</span> <span class='ocrx_word' id='word_1_53' title='bbox 1045 797 1179 837; x_wconf 82' lang='lat' dir='ltr'>voluit</span> <span class='ocrx_word' id='word_1_54' title='bbox 1205 796 1263 836; x_wconf 86' lang='lat' dir='ltr'>sic</span> <span class='ocrx_word' id='word_1_55' title='bbox 1293 804 1535 838; x_wconf 81' lang='lat' dir='ltr'>correctum</span> <span class='ocrx_word' id='word_1_56' title='bbox 1559 823 1617 830; x_wconf 78' lang='lat'>—</span> <span class='ocrx_word' id='word_1_57' title='bbox 1644 799 1766 856; x_wconf 76' lang='grc' dir='ltr'><em>ἐμπύ-</em></span> 
     </span>
     <span class='ocr_line' id='line_1_9' title="bbox 398 868 1763 933; baseline -0.002 -19"><span class='ocrx_word' id='word_1_58' title='bbox 398 888 509 933; x_wconf 84' lang='grc' dir='ltr'><em>ροισιν</em></span> <span class='ocrx_word' id='word_1_59' title='bbox 541 875 721 928; x_wconf 78' lang='grc' dir='ltr'><em>ὄμμασιν.</em></span> <span class='ocrx_word' id='word_1_60' title='bbox 759 868 1079 923; x_wconf 85' lang='lat' dir='ltr'>Obtemperavit</span> <span class='ocrx_word' id='word_1_61' title='bbox 1106 868 1395 918; x_wconf 86' lang='lat' dir='ltr'>Hermannus;</span> <span class='ocrx_word' id='word_1_62' title='bbox 1430 882 1519 909; x_wconf 88' lang='lat' dir='ltr'>non</span> <span class='ocrx_word' id='word_1_63' title='bbox 1549 870 1763 911; x_wconf 88' lang='lat' dir='ltr'>Klotzius:</span> 
     </span>
     <span class='ocr_line' id='line_1_10' title="bbox 399 939 1764 1001; baseline -0.002 -16"><span class='ocrx_word' id='word_1_64' title='bbox 399 945 585 1001; x_wconf 87' lang='lat' dir='ltr'>potuisse</span> <span class='ocrx_word' id='word_1_65' title='bbox 618 943 730 983; x_wconf 90' lang='lat' dir='ltr'>enim</span> <span class='ocrx_word' id='word_1_66' title='bbox 762 940 1015 996; x_wconf 82' lang='lat' dir='ltr'>Gregorium</span> <span class='ocrx_word' id='word_1_67' title='bbox 1046 939 1219 980; x_wconf 79' lang='lat' dir='ltr'>aliunde</span> <span class='ocrx_word' id='word_1_68' title='bbox 1250 953 1436 989; x_wconf 90' lang='lat' dir='ltr'>sumere,</span> <span class='ocrx_word' id='word_1_69' title='bbox 1471 939 1764 997; x_wconf 79' lang='lat' dir='ltr'>Statiumque,</span> 
     </span>
     <span class='ocr_line' id='line_1_11' title="bbox 396 1010 1769 1071; baseline -0.002 -15"><span class='ocrx_word' id='word_1_70' title='bbox 396 1016 471 1071; x_wconf 89' lang='lat' dir='ltr'>qui</span> <span class='ocrx_word' id='word_1_71' title='bbox 498 1015 713 1062; x_wconf 80' lang='lat' dir='ltr'>imitetur,</span> <span class='ocrx_word' id='word_1_72' title='bbox 742 1010 1051 1066; x_wconf 86' lang='lat' dir='ltr'>amplificando</span> <span class='ocrx_word' id='word_1_73' title='bbox 1078 1017 1119 1050; x_wconf 89' lang='lat' dir='ltr'>et</span> <span class='ocrx_word' id='word_1_74' title='bbox 1141 1010 1337 1051; x_wconf 89' lang='lat' dir='ltr'>ornando</span> <span class='ocrx_word' id='word_1_75' title='bbox 1364 1011 1471 1051; x_wconf 85' lang='lat' dir='ltr'>forte</span> <span class='ocrx_word' id='word_1_76' title='bbox 1497 1011 1540 1052; x_wconf 91' lang='lat' dir='ltr'>in</span> <span class='ocrx_word' id='word_1_77' title='bbox 1561 1011 1675 1052; x_wconf 90' lang='lat' dir='ltr'>idem</span> <span class='ocrx_word' id='word_1_78' title='bbox 1703 1014 1769 1053; x_wconf 88' lang='lat' dir='ltr'>in-</span> 
     </span>
     <span class='ocr_line' id='line_1_12' title="bbox 399 1080 1769 1133; baseline -0.002 -6"><span class='ocrx_word' id='word_1_79' title='bbox 399 1087 555 1128; x_wconf 81' lang='lat' dir='ltr'>cidere.</span> <span class='ocrx_word' id='word_1_80' title='bbox 596 1086 690 1125; x_wconf 91' lang='lat' dir='ltr'>Hoc</span> <span class='ocrx_word' id='word_1_81' title='bbox 722 1097 821 1126; x_wconf 88' lang='lat' dir='ltr'>vero</span> <span class='ocrx_word' id='word_1_82' title='bbox 848 1089 908 1123; x_wconf 87' lang='lat' dir='ltr'>est</span> <span class='ocrx_word' id='word_1_83' title='bbox 939 1083 1115 1122; x_wconf 89' lang='lat' dir='ltr'>nimium</span> <span class='ocrx_word' id='word_1_84' title='bbox 1142 1082 1338 1123; x_wconf 75' lang='lat' dir='ltr'>fortunae</span> <span class='ocrx_word' id='word_1_85' title='bbox 1366 1082 1571 1133; x_wconf 88' lang='lat' dir='ltr'>tribuere,</span> <span class='ocrx_word' id='word_1_86' title='bbox 1601 1080 1642 1124; x_wconf 89' lang='lat' dir='ltr'>et</span> <span class='ocrx_word' id='word_1_87' title='bbox 1665 1083 1769 1124; x_wconf 87' lang='lat' dir='ltr'>Gre-</span> 
     </span>
     <span class='ocr_line' id='line_1_13' title="bbox 401 1153 1770 1215; baseline -0.002 -17"><span class='ocrx_word' id='word_1_88' title='bbox 401 1158 507 1215; x_wconf 82' lang='lat' dir='ltr'>gorii</span> <span class='ocrx_word' id='word_1_89' title='bbox 536 1164 650 1197; x_wconf 87' lang='lat' dir='ltr'>aetas</span> <span class='ocrx_word' id='word_1_90' title='bbox 677 1157 804 1211; x_wconf 82' lang='lat' dir='ltr'>longe</span> <span class='ocrx_word' id='word_1_91' title='bbox 830 1160 1003 1210; x_wconf 85' lang='lat' dir='ltr'>superat</span> <span class='ocrx_word' id='word_1_92' title='bbox 1030 1153 1203 1194; x_wconf 89' lang='lat' dir='ltr'>codices</span> <span class='ocrx_word' id='word_1_93' title='bbox 1229 1167 1339 1209; x_wconf 89' lang='lat' dir='ltr'>quos</span> <span class='ocrx_word' id='word_1_94' title='bbox 1363 1153 1492 1194; x_wconf 92' lang='lat' dir='ltr'>hodie</span> <span class='ocrx_word' id='word_1_95' title='bbox 1518 1169 1770 1209; x_wconf 82' lang='lat' dir='ltr'>usurpamus</span> 
     </span>
     <span class='ocr_line' id='line_1_14' title="bbox 403 1224 1770 1286; baseline -0.001 -17"><span class='ocrx_word' id='word_1_96' title='bbox 403 1241 680 1286; x_wconf 87' lang='lat' dir='ltr'>quorumque</span> <span class='ocrx_word' id='word_1_97' title='bbox 717 1239 771 1266; x_wconf 88' lang='lat' dir='ltr'>ne</span> <span class='ocrx_word' id='word_1_98' title='bbox 814 1225 1039 1280; x_wconf 75' lang='lat' dir='ltr'>archetypi</span> <span class='ocrx_word' id='word_1_99' title='bbox 1080 1224 1258 1279; x_wconf 87' lang='lat' dir='ltr'>quidem</span> <span class='ocrx_word' id='word_1_100' title='bbox 1298 1225 1480 1265; x_wconf 86' lang='lat' dir='ltr'>formam</span> <span class='ocrx_word' id='word_1_101' title='bbox 1516 1232 1556 1266; x_wconf 87' lang='lat' dir='ltr'>et</span> <span class='ocrx_word' id='word_1_102' title='bbox 1589 1232 1770 1267; x_wconf 85' lang='lat' dir='ltr'>aetatem</span> 
     </span>
     <span class='ocr_line' id='line_1_15' title="bbox 401 1295 1770 1353; baseline -0.002 -12"><span class='ocrx_word' id='word_1_103' title='bbox 401 1301 615 1342; x_wconf 85' lang='lat' dir='ltr'>coniicere</span> <span class='ocrx_word' id='word_1_104' title='bbox 643 1310 882 1353; x_wconf 87' lang='lat' dir='ltr'>possumus.</span> <span class='ocrx_word' id='word_1_105' title='bbox 923 1296 1008 1335; x_wconf 87' lang='lat' dir='ltr'>Sed</span> <span class='ocrx_word' id='word_1_106' title='bbox 1040 1295 1293 1351; x_wconf 73' lang='lat' dir='ltr'>Gregorium</span> <span class='ocrx_word' id='word_1_107' title='bbox 1322 1295 1399 1336; x_wconf 91' lang='lat' dir='ltr'>hos</span> <span class='ocrx_word' id='word_1_108' title='bbox 1422 1309 1564 1337; x_wconf 88' lang='lat' dir='ltr'>versus</span> <span class='ocrx_word' id='word_1_109' title='bbox 1588 1310 1676 1337; x_wconf 87' lang='lat' dir='ltr'>non</span> <span class='ocrx_word' id='word_1_110' title='bbox 1705 1311 1770 1338; x_wconf 84' lang='lat' dir='ltr'>sa-</span> 
     </span>
     <span class='ocr_line' id='line_1_16' title="bbox 401 1367 1770 1428; baseline -0.001 -16"><span class='ocrx_word' id='word_1_111' title='bbox 401 1373 452 1412; x_wconf 89' lang='lat' dir='ltr'>tis</span> <span class='ocrx_word' id='word_1_112' title='bbox 492 1369 734 1411; x_wconf 85' lang='lat' dir='ltr'>memoriter</span> <span class='ocrx_word' id='word_1_113' title='bbox 775 1367 986 1421; x_wconf 87' lang='lat' dir='ltr'>scripsisse</span> <span class='ocrx_word' id='word_1_114' title='bbox 1032 1367 1262 1406; x_wconf 88' lang='lat' dir='ltr'>ostendunt</span> <span class='ocrx_word' id='word_1_115' title='bbox 1312 1367 1443 1407; x_wconf 84' lang='lat' dir='ltr'>verba</span> <span class='ocrx_word' id='word_1_116' title='bbox 1487 1368 1661 1428; x_wconf 70' lang='grc' dir='ltr'><em>ἐμπύροις</em></span> <span class='ocrx_word' id='word_1_117' title='bbox 1693 1371 1770 1416; x_wconf 82' lang='grc' dir='ltr'><em>τοῖς</em></span> 
     </span>
     <span class='ocr_line' id='line_1_17' title="bbox 403 1436 1771 1500; baseline -0.004 -16"><span class='ocrx_word' id='word_1_118' title='bbox 403 1447 591 1500; x_wconf 75' lang='grc' dir='ltr'><em>ὅμμασινε</em></span> <span class='ocrx_word' id='word_1_119' title='bbox 639 1439 753 1480; x_wconf 90' lang='lat' dir='ltr'>unde</span> <span class='ocrx_word' id='word_1_120' title='bbox 789 1438 892 1478; x_wconf 89' lang='lat' dir='ltr'>mihi</span> <span class='ocrx_word' id='word_1_121' title='bbox 932 1437 1119 1492; x_wconf 85' lang='lat' dir='ltr'>suspicio</span> <span class='ocrx_word' id='word_1_122' title='bbox 1160 1436 1313 1476; x_wconf 88' lang='lat' dir='ltr'>oborta</span> <span class='ocrx_word' id='word_1_123' title='bbox 1361 1444 1421 1477; x_wconf 84' lang='lat' dir='ltr'>cst</span> <span class='ocrx_word' id='word_1_124' title='bbox 1471 1452 1661 1487; x_wconf 82' lang='lat' dir='ltr'>versum,</span> <span class='ocrx_word' id='word_1_125' title='bbox 1718 1440 1771 1479; x_wconf 89' lang='lat' dir='ltr'>de</span> 
     </span>
     <span class='ocr_line' id='line_1_18' title="bbox 401 1507 1773 1570; baseline -0.003 -16"><span class='ocrx_word' id='word_1_126' title='bbox 401 1528 492 1570; x_wconf 89' lang='lat' dir='ltr'>quo</span> <span class='ocrx_word' id='word_1_127' title='bbox 523 1513 712 1568; x_wconf 83' lang='lat' dir='ltr'>agimuS,</span> <span class='ocrx_word' id='word_1_128' title='bbox 747 1522 974 1565; x_wconf 85' lang='lat' dir='ltr'>perperam</span> <span class='ocrx_word' id='word_1_129' title='bbox 1006 1507 1059 1547; x_wconf 84' lang='lat' dir='ltr'>ab</span> <span class='ocrx_word' id='word_1_130' title='bbox 1091 1521 1142 1547; x_wconf 86' lang='lat' dir='ltr'>eo</span> <span class='ocrx_word' id='word_1_131' title='bbox 1181 1507 1443 1547; x_wconf 85' lang='lat' dir='ltr'>collocatum</span> <span class='ocrx_word' id='word_1_132' title='bbox 1475 1522 1576 1549; x_wconf 86' lang='lat' dir='ltr'>esse.</span> <span class='ocrx_word' id='word_1_133' title='bbox 1620 1509 1773 1564; x_wconf 76' lang='lat' dir='ltr'>Aptius</span> 
     </span>
     <span class='ocr_line' id='line_1_19' title="bbox 404 1577 1773 1640; baseline -0.002 -15"><span class='ocrx_word' id='word_1_134' title='bbox 404 1586 516 1625; x_wconf 89' lang='lat' dir='ltr'>enim</span> <span class='ocrx_word' id='word_1_135' title='bbox 554 1585 739 1639; x_wconf 80' lang='grc' dir='ltr'><em>θήγοντες</em></span> <span class='ocrx_word' id='word_1_136' title='bbox 781 1580 920 1640; x_wconf 85' lang='grc' dir='ltr'><em>ἀγρίαν</em></span> <span class='ocrx_word' id='word_1_137' title='bbox 962 1581 1068 1636; x_wconf 80' lang='grc' dir='ltr'><em>γένυν</em></span> <span class='ocrx_word' id='word_1_138' title='bbox 1108 1585 1148 1619; x_wconf 84' lang='lat' dir='ltr'>et</span> <span class='ocrx_word' id='word_1_139' title='bbox 1189 1579 1299 1638; x_wconf 70' lang='grc' dir='ltr'><em>ἀφρῷ</em></span> <span class='ocrx_word' id='word_1_140' title='bbox 1340 1577 1543 1638; x_wconf 80' lang='grc' dir='ltr'><em>διάβροχοι</em></span> <span class='ocrx_word' id='word_1_141' title='bbox 1575 1580 1773 1637; x_wconf 79' lang='grc' dir='ltr'><em>γενειάδας</em></span> 
     </span>
     <span class='ocr_line' id='line_1_20' title="bbox 405 1648 1773 1712; baseline -0.002 -15"><span class='ocrx_word' id='word_1_142' title='bbox 405 1655 623 1712; x_wconf 84' lang='lat' dir='ltr'>iungenda</span> <span class='ocrx_word' id='word_1_143' title='bbox 659 1653 882 1696; x_wconf 88' lang='lat' dir='ltr'>videntur:</span> <span class='ocrx_word' id='word_1_144' title='bbox 918 1651 1107 1705; x_wconf 83' lang='lat' dir='ltr'>itemque</span> <span class='ocrx_word' id='word_1_145' title='bbox 1142 1648 1252 1699; x_wconf 76' lang='grc' dir='ltr'><em>λοξὸν</em></span> <span class='ocrx_word' id='word_1_146' title='bbox 1283 1648 1485 1705; x_wconf 78' lang='grc' dir='ltr'><em>βλέποντες</em></span> <span class='ocrx_word' id='word_1_147' title='bbox 1515 1658 1555 1691; x_wconf 85' lang='lat' dir='ltr'>et</span> <span class='ocrx_word' id='word_1_148' title='bbox 1585 1650 1697 1709; x_wconf 67' lang='grc' dir='ltr'><em>ᾖσσον</em></span> <span class='ocrx_word' id='word_1_149' title='bbox 1729 1651 1773 1694; x_wconf 79' lang='grc' dir='ltr'>δὲ</span> 
     </span>
     <span class='ocr_line' id='line_1_21' title="bbox 406 1721 1774 1784; baseline -0.003 -15"><span class='ocrx_word' id='word_1_150' title='bbox 406 1728 568 1784; x_wconf 75' lang='grc' dir='ltr'>λόγχαις</span> <span class='ocrx_word' id='word_1_151' title='bbox 598 1726 642 1766; x_wconf 91' lang='lat' dir='ltr'>in</span> <span class='ocrx_word' id='word_1_152' title='bbox 672 1722 959 1766; x_wconf 82' lang='lat' dir='ltr'>collineando.</span> <span class='ocrx_word' id='word_1_153' title='bbox 1008 1721 1238 1762; x_wconf 84' lang='lat' dir='ltr'>Fluctuant</span> <span class='ocrx_word' id='word_1_154' title='bbox 1268 1728 1410 1762; x_wconf 82' lang='lat' dir='ltr'>autem</span> <span class='ocrx_word' id='word_1_155' title='bbox 1439 1722 1702 1764; x_wconf 83' lang='lat' dir='ltr'>Scholiastae</span> <span class='ocrx_word' id='word_1_156' title='bbox 1731 1726 1774 1765; x_wconf 85' lang='lat' dir='ltr'>in</span> 
     </span>
     <span class='ocr_line' id='line_1_22' title="bbox 409 1785 1772 1852; baseline -0.001 -12"><span class='ocrx_word' id='word_1_157' title='bbox 409 1799 612 1841; x_wconf 86' lang='lat' dir='ltr'>solvenda</span> <span class='ocrx_word' id='word_1_158' title='bbox 642 1785 892 1852; x_wconf 76' lang='lat' dir='ltr'>quaestiOne</span> <span class='ocrx_word' id='word_1_159' title='bbox 920 1794 1055 1833; x_wconf 83' lang='lat' dir='ltr'>sintne</span> <span class='ocrx_word' id='word_1_160' title='bbox 1083 1793 1314 1848; x_wconf 82' lang='lat' dir='ltr'>participia</span> <span class='ocrx_word' id='word_1_161' title='bbox 1345 1795 1525 1849; x_wconf 74' lang='grc' dir='ltr'><em>θήγοντες</em></span> <span class='ocrx_word' id='word_1_162' title='bbox 1549 1802 1589 1835; x_wconf 89' lang='lat' dir='ltr'>et</span> <span class='ocrx_word' id='word_1_163' title='bbox 1613 1794 1772 1850; x_wconf 77' lang='grc' dir='ltr'><em>βλέπον-</em></span> 
     </span>
     <span class='ocr_line' id='line_1_23' title="bbox 409 1863 1775 1928; baseline -0.004 -15"><span class='ocrx_word' id='word_1_164' title='bbox 409 1888 468 1920; x_wconf 77' lang='grc' dir='ltr'>τες</span> <span class='ocrx_word' id='word_1_165' title='bbox 500 1870 554 1911; x_wconf 88' lang='lat' dir='ltr'>ad</span> <span class='ocrx_word' id='word_1_166' title='bbox 584 1872 723 1928; x_wconf 82' lang='grc' dir='ltr'><em>κάπροι</em></span> <span class='ocrx_word' id='word_1_167' title='bbox 748 1865 994 1913; x_wconf 79' lang='lat' dir='ltr'>referenda,</span> <span class='ocrx_word' id='word_1_168' title='bbox 1030 1878 1085 1904; x_wconf 89' lang='lat' dir='ltr'>an</span> <span class='ocrx_word' id='word_1_169' title='bbox 1115 1863 1169 1904; x_wconf 85' lang='lat' dir='ltr'>ad</span> <span class='ocrx_word' id='word_1_170' title='bbox 1197 1864 1346 1904; x_wconf 84' lang='lat' dir='ltr'>fratres</span> <span class='ocrx_word' id='word_1_171' title='bbox 1373 1872 1626 1921; x_wconf 85' lang='lat' dir='ltr'>pugnantes.</span> <span class='ocrx_word' id='word_1_172' title='bbox 1660 1867 1703 1907; x_wconf 90' lang='lat' dir='ltr'>Si</span> <span class='ocrx_word' id='word_1_173' title='bbox 1725 1869 1775 1908; x_wconf 86' lang='lat' dir='ltr'>il-</span> 
     </span>
     <span class='ocr_line' id='line_1_24' title="bbox 409 1934 1777 1998; baseline -0.004 -14"><span class='ocrx_word' id='word_1_174' title='bbox 409 1943 486 1983; x_wconf 89' lang='lat' dir='ltr'>lud</span> <span class='ocrx_word' id='word_1_175' title='bbox 525 1948 671 1996; x_wconf 84' lang='lat' dir='ltr'>optas,</span> <span class='ocrx_word' id='word_1_176' title='bbox 715 1940 824 1998; x_wconf 75' lang='grc' dir='ltr'><em>ἀφρῷ</em></span> <span class='ocrx_word' id='word_1_177' title='bbox 856 1934 1092 1996; x_wconf 73' lang='grc' dir='ltr'><em>διάβροχοι,</em></span> <span class='ocrx_word' id='word_1_178' title='bbox 1134 1935 1187 1975; x_wconf 87' lang='lat' dir='ltr'>de</span> <span class='ocrx_word' id='word_1_179' title='bbox 1234 1937 1347 1990; x_wconf 85' lang='lat' dir='ltr'>apris</span> <span class='ocrx_word' id='word_1_180' title='bbox 1392 1936 1579 1986; x_wconf 88' lang='lat' dir='ltr'>dictum,</span> <span class='ocrx_word' id='word_1_181' title='bbox 1626 1939 1777 1979; x_wconf 89' lang='lat' dir='ltr'>eodem</span> 
     </span>
     <span class='ocr_line' id='line_1_25' title="bbox 408 2006 1777 2071; baseline -0.003 -17"><span class='ocrx_word' id='word_1_182' title='bbox 408 2014 615 2071; x_wconf 85' lang='lat' dir='ltr'>pertinet:</span> <span class='ocrx_word' id='word_1_183' title='bbox 660 2025 749 2067; x_wconf 89' lang='lat' dir='ltr'>quo</span> <span class='ocrx_word' id='word_1_184' title='bbox 790 2009 995 2058; x_wconf 79' lang='lat' dir='ltr'>admisso,</span> <span class='ocrx_word' id='word_1_185' title='bbox 1036 2006 1235 2063; x_wconf 71' lang='grc' dir='ltr'><em>ξυνῆψαν,</em></span> <span class='ocrx_word' id='word_1_186' title='bbox 1276 2007 1398 2047; x_wconf 89' lang='lat' dir='ltr'>cuius</span> <span class='ocrx_word' id='word_1_187' title='bbox 1427 2007 1646 2048; x_wconf 89' lang='lat' dir='ltr'>obiectum</span> <span class='ocrx_word' id='word_1_188' title='bbox 1663 2008 1777 2064; x_wconf 80' lang='lat' dir='ltr'>fra-</span> 
     </span>
     <span class='ocr_line' id='line_1_26' title="bbox 412 2078 1780 2138; baseline -0.004 -12"><span class='ocrx_word' id='word_1_189' title='bbox 412 2091 505 2126; x_wconf 77' lang='lat' dir='ltr'>tres</span> <span class='ocrx_word' id='word_1_190' title='bbox 532 2089 650 2132; x_wconf 87' lang='lat' dir='ltr'>sunt,</span> <span class='ocrx_word' id='word_1_191' title='bbox 689 2081 868 2138; x_wconf 90' lang='lat' dir='ltr'>pessime</span> <span class='ocrx_word' id='word_1_192' title='bbox 898 2079 1167 2119; x_wconf 82' lang='lat' dir='ltr'>interiectum</span> <span class='ocrx_word' id='word_1_193' title='bbox 1193 2085 1267 2118; x_wconf 85' lang='lat' dir='ltr'>est.</span> <span class='ocrx_word' id='word_1_194' title='bbox 1298 2078 1408 2118; x_wconf 88' lang='lat' dir='ltr'>Hinc</span> <span class='ocrx_word' id='word_1_195' title='bbox 1439 2079 1560 2134; x_wconf 86' lang='lat' dir='ltr'>sequi</span> <span class='ocrx_word' id='word_1_196' title='bbox 1597 2079 1780 2121; x_wconf 85' lang='lat' dir='ltr'>arbitror</span> 
     </span>
     <span class='ocr_line' id='line_1_27' title="bbox 413 2149 1780 2208; baseline -0.003 -12"><span class='ocrx_word' id='word_1_197' title='bbox 413 2157 494 2196; x_wconf 84' lang='lat' dir='ltr'>ista</span> <span class='ocrx_word' id='word_1_198' title='bbox 524 2155 716 2195; x_wconf 83' lang='lat' dir='ltr'>universe</span> <span class='ocrx_word' id='word_1_199' title='bbox 746 2152 879 2208; x_wconf 87' lang='lat' dir='ltr'>paulo</span> <span class='ocrx_word' id='word_1_200' title='bbox 912 2149 1118 2190; x_wconf 80' lang='lat' dir='ltr'>audacius</span> <span class='ocrx_word' id='word_1_201' title='bbox 1143 2150 1184 2189; x_wconf 85' lang='lat' dir='ltr'>in</span> <span class='ocrx_word' id='word_1_202' title='bbox 1217 2149 1434 2190; x_wconf 87' lang='lat' dir='ltr'>Eteoclem</span> <span class='ocrx_word' id='word_1_203' title='bbox 1465 2149 1780 2205; x_wconf 83' lang='lat' dir='ltr'>et&#39;Polynicem</span> 
     </span>
     <span class='ocr_line' id='line_1_28' title="bbox 413 2221 1779 2280; baseline -0.004 -13"><span class='ocrx_word' id='word_1_204' title='bbox 413 2227 617 2267; x_wconf 82' lang='lat' dir='ltr'>translata</span> <span class='ocrx_word' id='word_1_205' title='bbox 645 2238 748 2265; x_wconf 89' lang='lat' dir='ltr'>esse:</span> <span class='ocrx_word' id='word_1_206' title='bbox 779 2230 826 2263; x_wconf 80' lang='lat' dir='ltr'>ut</span> <span class='ocrx_word' id='word_1_207' title='bbox 856 2223 1040 2278; x_wconf 70' lang='grc' dir='ltr'><em>θήγοντες</em></span> <span class='ocrx_word' id='word_1_208' title='bbox 1073 2221 1211 2280; x_wconf 84' lang='grc' dir='ltr'><em>ἀγρίαν</em></span> <span class='ocrx_word' id='word_1_209' title='bbox 1242 2221 1347 2277; x_wconf 80' lang='grc' dir='ltr'><em>γένυν</em></span> <span class='ocrx_word' id='word_1_210' title='bbox 1374 2221 1426 2260; x_wconf 91' lang='lat' dir='ltr'>de</span> <span class='ocrx_word' id='word_1_211' title='bbox 1448 2221 1646 2261; x_wconf 86' lang='lat' dir='ltr'>frendore</span> <span class='ocrx_word' id='word_1_212' title='bbox 1674 2221 1779 2262; x_wconf 87' lang='lat' dir='ltr'>den-</span> 
     </span>
     <span class='ocr_line' id='line_1_29' title="bbox 415 2292 1780 2353; baseline -0.004 -14"><span class='ocrx_word' id='word_1_213' title='bbox 415 2300 520 2339; x_wconf 90' lang='lat' dir='ltr'>tium</span> <span class='ocrx_word' id='word_1_214' title='bbox 553 2297 715 2337; x_wconf 88' lang='lat' dir='ltr'>dictum</span> <span class='ocrx_word' id='word_1_215' title='bbox 747 2296 822 2344; x_wconf 86' lang='lat' dir='ltr'>sit,</span> <span class='ocrx_word' id='word_1_216' title='bbox 861 2301 900 2334; x_wconf 86' lang='lat' dir='ltr'>et</span> <span class='ocrx_word' id='word_1_217' title='bbox 930 2294 1046 2353; x_wconf 67' lang='grc' dir='ltr'><em>ἀφρός</em></span> <span class='ocrx_word' id='word_1_218' title='bbox 1087 2307 1129 2332; x_wconf 89' lang='lat' dir='ltr'>se</span> <span class='ocrx_word' id='word_1_219' title='bbox 1159 2299 1328 2333; x_wconf 84' lang='lat' dir='ltr'>tueatur</span> <span class='ocrx_word' id='word_1_220' title='bbox 1364 2292 1558 2347; x_wconf 82' lang='lat' dir='ltr'>exemplo</span> <span class='ocrx_word' id='word_1_221' title='bbox 1587 2292 1780 2334; x_wconf 86' lang='lat' dir='ltr'>Hectoris</span> 
     </span>
     <span class='ocr_line' id='line_1_30' title="bbox 420 2362 1781 2425; baseline -0.005 -15"><span class='ocrx_word' id='word_1_222' title='bbox 420 2369 581 2425; x_wconf 63' lang='lat' dir='ltr'>(Iliad.</span> <span class='ocrx_word' id='word_1_223' title='bbox 606 2368 700 2410; x_wconf 88' lang='lat' dir='ltr'>XV.</span> <span class='ocrx_word' id='word_1_224' title='bbox 718 2364 862 2421; x_wconf 84' lang='lat'>607.)‚</span> <span class='ocrx_word' id='word_1_225' title='bbox 892 2366 961 2406; x_wconf 85' lang='lat' dir='ltr'>cui</span> <span class='ocrx_word' id='word_1_226' title='bbox 988 2365 1192 2423; x_wconf 65' lang='grc' dir='ltr'><em>ἀφλοισμὸς</em></span> <span class='ocrx_word' id='word_1_227' title='bbox 1223 2362 1307 2423; x_wconf 80' lang='grc' dir='ltr'><em>περὶ</em></span> <span class='ocrx_word' id='word_1_228' title='bbox 1339 2365 1466 2420; x_wconf 83' lang='grc' dir='ltr'><em>στόμα</em></span> <span class='ocrx_word' id='word_1_229' title='bbox 1498 2364 1668 2420; x_wconf 72' lang='grc' dir='ltr'><em>γίγνετοε</em></span> <span class='ocrx_word' id='word_1_230' title='bbox 1698 2364 1781 2404; x_wconf 88' lang='lat' dir='ltr'>sci-</span> 
     </span>
     <span class='ocr_line' id='line_1_31' title="bbox 417 2435 1782 2491; baseline -0.004 -11"><span class='ocrx_word' id='word_1_231' title='bbox 417 2441 517 2480; x_wconf 87' lang='lat' dir='ltr'>licet</span> <span class='ocrx_word' id='word_1_232' title='bbox 553 2439 683 2480; x_wconf 83' lang='lat' dir='ltr'>saliva</span> <span class='ocrx_word' id='word_1_233' title='bbox 727 2450 928 2491; x_wconf 82' lang='lat' dir='ltr'>spumans</span> <span class='ocrx_word' id='word_1_234' title='bbox 967 2442 1087 2475; x_wconf 88' lang='lat' dir='ltr'>motu</span> <span class='ocrx_word' id='word_1_235' title='bbox 1124 2435 1317 2475; x_wconf 88' lang='lat' dir='ltr'>dentium</span> <span class='ocrx_word' id='word_1_236' title='bbox 1354 2435 1443 2474; x_wconf 89' lang='lat' dir='ltr'>eius</span> <span class='ocrx_word' id='word_1_237' title='bbox 1473 2436 1549 2489; x_wconf 86' lang='lat' dir='ltr'>qui</span> <span class='ocrx_word' id='word_1_238' title='bbox 1581 2435 1687 2476; x_wconf 88' lang='lat' dir='ltr'>vires</span> <span class='ocrx_word' id='word_1_239' title='bbox 1716 2435 1782 2475; x_wconf 92' lang='lat' dir='ltr'>in-</span> 
     </span>
     <span class='ocr_line' id='line_1_32' title="bbox 418 2506 1782 2562; baseline -0.002 -12"><span class='ocrx_word' id='word_1_240' title='bbox 418 2511 576 2550; x_wconf 86' lang='lat' dir='ltr'>tendit:</span> <span class='ocrx_word' id='word_1_241' title='bbox 621 2509 835 2549; x_wconf 86' lang='lat' dir='ltr'>fremitum</span> <span class='ocrx_word' id='word_1_242' title='bbox 878 2507 1069 2547; x_wconf 88' lang='lat' dir='ltr'>dentium</span> <span class='ocrx_word' id='word_1_243' title='bbox 1109 2506 1301 2561; x_wconf 83' lang='lat' dir='ltr'>appellat</span> <span class='ocrx_word' id='word_1_244' title='bbox 1339 2506 1547 2546; x_wconf 88' lang='lat' dir='ltr'>Homerus</span> <span class='ocrx_word' id='word_1_245' title='bbox 1589 2508 1782 2562; x_wconf 81' lang='grc' dir='ltr'><em>κόμπον</em></span> 
     </span>
     <span class='ocr_line' id='line_1_33' title="bbox 417 2580 594 2623; baseline -0.006 -1"><span class='ocrx_word' id='word_1_246' title='bbox 417 2580 594 2623; x_wconf 75' lang='grc' dir='ltr'><em>ὀδόντων.</em></span> 
     </span>
    </p>

    <p class='ocr_par' dir='ltr' id='par_1_4' title="bbox 417 2648 1782 2778">
     <span class='ocr_line' id='line_1_34' title="bbox 479 2648 1782 2707; baseline -0.003 -16"><span class='ocrx_word' id='word_1_247' title='bbox 479 2652 604 2692; x_wconf 83' lang='lat'>1391.</span> <span class='ocrx_word' id='word_1_248' title='bbox 655 2652 800 2707; x_wconf 77' lang='grc' dir='ltr'><em>λόγχην</em></span> <span class='ocrx_word' id='word_1_249' title='bbox 840 2649 968 2707; x_wconf 82' lang='grc' dir='ltr'><em>ἐνώμα</em></span> <span class='ocrx_word' id='word_1_250' title='bbox 1002 2650 1165 2705; x_wconf 82' lang='grc' dir='ltr'><em>στόματι</em></span> <span class='ocrx_word' id='word_1_251' title='bbox 1196 2649 1411 2707; x_wconf 66' lang='grc' dir='ltr'><em>προφθῆναι</em></span> <span class='ocrx_word' id='word_1_252' title='bbox 1443 2648 1582 2689; x_wconf 85' lang='grc' dir='ltr'><em>θέλων.</em></span> <span class='ocrx_word' id='word_1_253' title='bbox 1639 2648 1782 2698; x_wconf 88' lang='lat' dir='ltr'>Quum</span> 
     </span>
     <span class='ocr_line' id='line_1_35' title="bbox 417 2719 1779 2778; baseline -0.004 -16"><span class='ocrx_word' id='word_1_254' title='bbox 417 2724 569 2763; x_wconf 81' lang='lat' dir='ltr'>frustra</span> <span class='ocrx_word' id='word_1_255' title='bbox 611 2735 861 2778; x_wconf 85' lang='lat' dir='ltr'>quaererem</span> <span class='ocrx_word' id='word_1_256' title='bbox 910 2721 1016 2777; x_wconf 89' lang='lat' dir='ltr'>quid</span> <span class='ocrx_word' id='word_1_257' title='bbox 1063 2721 1318 2775; x_wconf 86' lang='lat' dir='ltr'>Interpretes</span> <span class='ocrx_word' id='word_1_258' title='bbox 1373 2719 1628 2760; x_wconf 82' lang='lat' dir='ltr'>recentiores</span> <span class='ocrx_word' id='word_1_259' title='bbox 1667 2724 1779 2758; x_wconf 83' lang='lat' dir='ltr'>attu-</span> 
     </span>
    </p>
   </div>
  </div>
 </body>
</html>
