<?xml version="1.0" encoding="UTF-8"?>
<!DOCTYPE html PUBLIC "-//W3C//DTD XHTML 1.0 Transitional//EN"
    "http://www.w3.org/TR/xhtml1/DTD/xhtml1-transitional.dtd">
<html xmlns="http://www.w3.org/1999/xhtml" xml:lang="en" lang="en">
 <head>
  <title>
</title>
<meta http-equiv="Content-Type" content="text/html;charset=utf-8" />
  <meta name='ocr-system' content='tesseract 3.04.00' />
  <meta name='ocr-capabilities' content='ocr_page ocr_carea ocr_par ocr_line ocrx_word'/>
</head>
<body>
  <div class='ocr_page' id='page_1' title='image "./phoenissaecumcom00euriuoft_0199.png"; bbox 0 0 2020 3326; ppageno 0'>
   <div class='ocr_carea' id='block_1_1' title="bbox 619 266 1600 308">
    <p class='ocr_par' dir='ltr' id='par_1_1' title="bbox 619 266 1600 308">
     <span class='ocr_line' id='line_1_1' title="bbox 619 266 1600 308; baseline -0.002 -1"><span class='ocrx_word' id='word_1_1' title='bbox 619 266 1189 308; x_wconf 80' lang='lat' dir='ltr'><strong>COMMENTARIUS.</strong></span> <span class='ocrx_word' id='word_1_2' title='bbox 1520 266 1600 307; x_wconf 74' lang='lat'>179</span> 
     </span>
    </p>
   </div>
   <div class='ocr_carea' id='block_1_2' title="bbox 198 402 1594 2831">
    <p class='ocr_par' dir='ltr' id='par_1_2' title="bbox 198 402 1594 2743">
     <span class='ocr_line' id='line_1_2' title="bbox 274 402 1592 466; baseline -0.002 -19"><span class='ocrx_word' id='word_1_3' title='bbox 274 406 397 447; x_wconf 77' lang='lat'>1143.</span> <span class='ocrx_word' id='word_1_4' title='bbox 453 405 587 447; x_wconf 77' lang='grc' dir='ltr'><em>ἑκατὸν</em></span> <span class='ocrx_word' id='word_1_5' title='bbox 629 403 815 461; x_wconf 55' lang='grc' dir='ltr'><em>ἐχίδναιζ</em></span> <span class='ocrx_word' id='word_1_6' title='bbox 840 403 976 446; x_wconf 77' lang='grc' dir='ltr'><em>ἀσπίδ’</em></span> <span class='ocrx_word' id='word_1_7' title='bbox 1011 403 1214 466; x_wconf 77' lang='grc' dir='ltr'>ἐκπληρῶν</span> <span class='ocrx_word' id='word_1_8' title='bbox 1247 411 1404 465; x_wconf 63' lang='grc' dir='ltr'><em>γραφῇ,</em></span> <span class='ocrx_word' id='word_1_9' title='bbox 1438 402 1592 464; x_wconf 61' lang='grc' dir='ltr'>“’Υδρας</span> 
     </span>
     <span class='ocr_line' id='line_1_3' title="bbox 209 477 1588 538; baseline -0.001 -18"><span class='ocrx_word' id='word_1_10' title='bbox 209 483 309 536; x_wconf 79' lang='grc' dir='ltr'><em>ἔχων</em></span> <span class='ocrx_word' id='word_1_11' title='bbox 339 503 396 508; x_wconf 87' lang='lat'>——-</span> <span class='ocrx_word' id='word_1_12' title='bbox 419 479 594 538; x_wconf 75' lang='grc' dir='ltr'><em>Ἀργεῖον</em></span> <span class='ocrx_word' id='word_1_13' title='bbox 625 477 789 534; x_wconf 70' lang='grc' dir='ltr'><em>αὔχημ’.</em></span> <span class='ocrx_word' id='word_1_14' title='bbox 846 477 1034 518; x_wconf 85' lang='lat' dir='ltr'>Primum</span> <span class='ocrx_word' id='word_1_15' title='bbox 1068 478 1217 518; x_wconf 81' lang='lat' dir='ltr'>inutile</span> <span class='ocrx_word' id='word_1_16' title='bbox 1256 477 1296 519; x_wconf 75' lang='grc' dir='ltr'>δ’</span> <span class='ocrx_word' id='word_1_17' title='bbox 1326 484 1423 533; x_wconf 86' lang='lat' dir='ltr'>post</span> <span class='ocrx_word' id='word_1_18' title='bbox 1454 477 1588 520; x_wconf 79' lang='grc' dir='ltr'><em>ἑκατόν</em></span> 
     </span>
     <span class='ocr_line' id='line_1_4' title="bbox 210 550 1592 607; baseline -0.001 -15"><span class='ocrx_word' id='word_1_19' title='bbox 210 552 340 601; x_wconf 86' lang='lat' dir='ltr'>eieci,</span> <span class='ocrx_word' id='word_1_20' title='bbox 374 552 496 607; x_wconf 88' lang='lat' dir='ltr'>quod</span> <span class='ocrx_word' id='word_1_21' title='bbox 526 551 722 591; x_wconf 83' lang='lat' dir='ltr'>Klotzius</span> <span class='ocrx_word' id='word_1_22' title='bbox 752 563 802 589; x_wconf 79' lang='lat' dir='ltr'>ex</span> <span class='ocrx_word' id='word_1_23' title='bbox 835 550 1003 604; x_wconf 80' lang='lat' dir='ltr'>aliquot</span> <span class='ocrx_word' id='word_1_24' title='bbox 1034 550 1165 589; x_wconf 70' lang='lat' dir='ltr'>codd.</span> <span class='ocrx_word' id='word_1_25' title='bbox 1199 550 1452 599; x_wconf 85' lang='lat' dir='ltr'>reduxerat,</span> <span class='ocrx_word' id='word_1_26' title='bbox 1487 564 1592 590; x_wconf 87' lang='lat' dir='ltr'>eon-</span> 
     </span>
     <span class='ocr_line' id='line_1_5' title="bbox 209 621 1592 679; baseline -0.002 -15"><span class='ocrx_word' id='word_1_27' title='bbox 209 623 410 664; x_wconf 82' lang='lat' dir='ltr'>firmandi</span> <span class='ocrx_word' id='word_1_28' title='bbox 446 623 583 679; x_wconf 83' lang='lat' dir='ltr'>gratia</span> <span class='ocrx_word' id='word_1_29' title='bbox 622 622 800 663; x_wconf 80' lang='lat' dir='ltr'>afferens</span> <span class='ocrx_word' id='word_1_30' title='bbox 833 621 1120 662; x_wconf 76' lang='lat' dir='ltr'>Al‹:est.203.</span> <span class='ocrx_word' id='word_1_31' title='bbox 1151 622 1223 662; x_wconf 88' lang='lat' dir='ltr'>ubi</span> <span class='ocrx_word' id='word_1_32' title='bbox 1251 623 1448 677; x_wconf 82' lang='lat' dir='ltr'>profecto</span> <span class='ocrx_word' id='word_1_33' title='bbox 1475 628 1592 662; x_wconf 87' lang='lat' dir='ltr'>recte</span> 
     </span>
     <span class='ocr_line' id='line_1_6' title="bbox 211 692 1592 750; baseline -0.001 -15"><span class='ocrx_word' id='word_1_34' title='bbox 211 695 465 735; x_wconf 84' lang='lat' dir='ltr'>Matthiaeus</span> <span class='ocrx_word' id='word_1_35' title='bbox 495 695 662 750; x_wconf 83' lang='lat' dir='ltr'>scripsit</span> <span class='ocrx_word' id='word_1_36' title='bbox 685 711 757 750; x_wconf 66' lang='grc' dir='ltr'>γε,</span> <span class='ocrx_word' id='word_1_37' title='bbox 789 694 848 734; x_wconf 86' lang='lat' dir='ltr'>sic</span> <span class='ocrx_word' id='word_1_38' title='bbox 877 707 975 735; x_wconf 87' lang='lat' dir='ltr'>vero</span> <span class='ocrx_word' id='word_1_39' title='bbox 1005 693 1355 749; x_wconf 87' lang='lat' dir='ltr'>distinguendum</span> <span class='ocrx_word' id='word_1_40' title='bbox 1382 701 1494 734; x_wconf 80' lang='lat' dir='ltr'>erat:</span> <span class='ocrx_word' id='word_1_41' title='bbox 1528 692 1592 734; x_wconf 79' lang='grc' dir='ltr'>καὶ</span> 
     </span>
     <span class='ocr_line' id='line_1_7' title="bbox 208 764 1591 826; baseline -0.004 -18"><span class='ocrx_word' id='word_1_42' title='bbox 208 767 462 826; x_wconf 69' lang='grc' dir='ltr'><em>μαραίνεται,</em></span> <span class='ocrx_word' id='word_1_43' title='bbox 494 769 592 824; x_wconf 81' lang='grc' dir='ltr'><em>νόσῳ</em></span> <span class='ocrx_word' id='word_1_44' title='bbox 614 767 817 826; x_wconf 81' lang='grc' dir='ltr'><em>παρειμένη</em></span> <span class='ocrx_word' id='word_1_45' title='bbox 849 782 890 822; x_wconf 79' lang='grc' dir='ltr'>γε</span> <span class='ocrx_word' id='word_1_46' title='bbox 905 801 920 821; x_wconf 72' lang='grc'>,</span> <span class='ocrx_word' id='word_1_47' title='bbox 952 766 1077 825; x_wconf 73' lang='grc' dir='ltr'>χειρὸς,</span> <span class='ocrx_word' id='word_1_48' title='bbox 1098 765 1233 807; x_wconf 58' lang='grc' dir='ltr'><em>ἄθλιον</em></span> <span class='ocrx_word' id='word_1_49' title='bbox 1255 764 1393 825; x_wconf 71' lang='grc' dir='ltr'><em>βάρος.</em></span> <span class='ocrx_word' id='word_1_50' title='bbox 1425 772 1466 806; x_wconf 89' lang='lat' dir='ltr'>et</span> <span class='ocrx_word' id='word_1_51' title='bbox 1488 764 1591 808; x_wconf 82' lang='grc'>847.</span> 
     </span>
     <span class='ocr_line' id='line_1_8' title="bbox 210 837 1594 899; baseline -0.001 -21"><span class='ocrx_word' id='word_1_52' title='bbox 210 838 283 879; x_wconf 89' lang='lat' dir='ltr'>ubi</span> <span class='ocrx_word' id='word_1_53' title='bbox 327 840 393 881; x_wconf 88' lang='lat' dir='ltr'>vel</span> <span class='ocrx_word' id='word_1_54' title='bbox 433 845 610 895; x_wconf 82' lang='lat' dir='ltr'>recepto</span> <span class='ocrx_word' id='word_1_55' title='bbox 651 837 873 899; x_wconf 76' lang='grc' dir='ltr'><em>περιβαλών</em></span> <span class='ocrx_word' id='word_1_56' title='bbox 912 837 1106 878; x_wconf 87' lang='lat' dir='ltr'>nondum</span> <span class='ocrx_word' id='word_1_57' title='bbox 1146 837 1356 878; x_wconf 75' lang='lat' dir='ltr'>obtinebit</span> <span class='ocrx_word' id='word_1_58' title='bbox 1398 837 1594 877; x_wconf 83' lang='lat' dir='ltr'>Klotzius</span> 
     </span>
     <span class='ocr_line' id='line_1_9' title="bbox 208 909 1590 966; baseline -0.002 -15"><span class='ocrx_word' id='word_1_59' title='bbox 208 910 331 966; x_wconf 87' lang='lat' dir='ltr'>quod</span> <span class='ocrx_word' id='word_1_60' title='bbox 374 911 578 966; x_wconf 79' lang='lat' dir='ltr'>requirit:</span> <span class='ocrx_word' id='word_1_61' title='bbox 630 911 737 966; x_wconf 89' lang='lat' dir='ltr'>quid</span> <span class='ocrx_word' id='word_1_62' title='bbox 773 910 886 951; x_wconf 88' lang='lat' dir='ltr'>enim</span> <span class='ocrx_word' id='word_1_63' title='bbox 924 909 1065 950; x_wconf 86' lang='lat' dir='ltr'>obstat</span> <span class='ocrx_word' id='word_1_64' title='bbox 1096 910 1328 965; x_wconf 85' lang='lat' dir='ltr'>quominus</span> <span class='ocrx_word' id='word_1_65' title='bbox 1357 910 1590 965; x_wconf 84' lang='lat' dir='ltr'>iungantur</span> 
     </span>
     <span class='ocr_line' id='line_1_10' title="bbox 206 980 1586 1042; baseline -0.001 -20"><span class='ocrx_word' id='word_1_66' title='bbox 206 983 436 1038; x_wconf 86' lang='lat' dir='ltr'>partieipia</span> <span class='ocrx_word' id='word_1_67' title='bbox 469 983 640 1039; x_wconf 69' lang='grc' dir='ltr'><em>λοχήσας</em></span> <span class='ocrx_word' id='word_1_68' title='bbox 666 989 707 1023; x_wconf 90' lang='lat' dir='ltr'>et</span> <span class='ocrx_word' id='word_1_69' title='bbox 738 980 986 1042; x_wconf 73' lang='grc' dir='ltr'><em>περιβαλώνέ)</em></span> <span class='ocrx_word' id='word_1_70' title='bbox 1018 982 1092 1022; x_wconf 83' lang='lat' dir='ltr'>sed</span> <span class='ocrx_word' id='word_1_71' title='bbox 1124 980 1323 1041; x_wconf 69' lang='grc' dir='ltr'><em>περιβάλω</em></span> <span class='ocrx_word' id='word_1_72' title='bbox 1351 981 1471 1021; x_wconf 85' lang='lat' dir='ltr'>haud</span> <span class='ocrx_word' id='word_1_73' title='bbox 1504 980 1586 1020; x_wconf 90' lang='lat' dir='ltr'>du-</span> 
     </span>
     <span class='ocr_line' id='line_1_11' title="bbox 206 1053 1588 1109; baseline -0.002 -15"><span class='ocrx_word' id='word_1_74' title='bbox 206 1053 276 1094; x_wconf 84' lang='lat' dir='ltr'>hie</span> <span class='ocrx_word' id='word_1_75' title='bbox 308 1068 453 1095; x_wconf 82' lang='lat' dir='ltr'>verum</span> <span class='ocrx_word' id='word_1_76' title='bbox 487 1061 560 1095; x_wconf 87' lang='lat' dir='ltr'>est.</span> <span class='ocrx_word' id='word_1_77' title='bbox 611 1055 660 1095; x_wconf 89' lang='lat' dir='ltr'>ln</span> <span class='ocrx_word' id='word_1_78' title='bbox 692 1054 965 1096; x_wconf 69' lang='lat' dir='ltr'><em>Phoenissis</em></span> <span class='ocrx_word' id='word_1_79' title='bbox 998 1055 1030 1093; x_wconf 90' lang='lat' dir='ltr'>si</span> <span class='ocrx_word' id='word_1_80' title='bbox 1062 1054 1249 1109; x_wconf 85' lang='lat' dir='ltr'>genuina</span> <span class='ocrx_word' id='word_1_81' title='bbox 1282 1053 1496 1108; x_wconf 83' lang='lat' dir='ltr'>scriptura</span> <span class='ocrx_word' id='word_1_82' title='bbox 1527 1058 1588 1091; x_wconf 88' lang='lat' dir='ltr'>est</span> 
     </span>
     <span class='ocr_line' id='line_1_12' title="bbox 208 1124 1587 1183; baseline -0.003 -16"><span class='ocrx_word' id='word_1_83' title='bbox 208 1125 342 1169; x_wconf 80' lang='grc' dir='ltr'><em>ἑκατὸν</em></span> <span class='ocrx_word' id='word_1_84' title='bbox 374 1126 412 1167; x_wconf 80' lang='grc' dir='ltr'>δ’</span> <span class='ocrx_word' id='word_1_85' title='bbox 435 1126 638 1183; x_wconf 66' lang='grc' dir='ltr'><em>ἐχίδναις,</em></span> <span class='ocrx_word' id='word_1_86' title='bbox 671 1127 731 1167; x_wconf 85' lang='lat' dir='ltr'>sie</span> <span class='ocrx_word' id='word_1_87' title='bbox 763 1125 1070 1182; x_wconf 82' lang='lat' dir='ltr'>explicandum</span> <span class='ocrx_word' id='word_1_88' title='bbox 1108 1126 1209 1165; x_wconf 87' lang='lat' dir='ltr'>erit:</span> <span class='ocrx_word' id='word_1_89' title='bbox 1259 1124 1495 1164; x_wconf 72' lang='lat' dir='ltr'>»Adrastus</span> <span class='ocrx_word' id='word_1_90' title='bbox 1524 1137 1587 1164; x_wconf 89' lang='lat' dir='ltr'>se-</span> 
     </span>
     <span class='ocr_line' id='line_1_13' title="bbox 208 1196 1591 1254; baseline -0.004 -15"><span class='ocrx_word' id='word_1_91' title='bbox 208 1199 369 1253; x_wconf 86' lang='lat' dir='ltr'>ptimae</span> <span class='ocrx_word' id='word_1_92' title='bbox 398 1205 550 1254; x_wconf 86' lang='lat' dir='ltr'>portae</span> <span class='ocrx_word' id='word_1_93' title='bbox 578 1198 800 1246; x_wconf 77' lang='lat' dir='ltr'>adstabat,</span> <span class='ocrx_word' id='word_1_94' title='bbox 833 1198 890 1238; x_wconf 81' lang='lat' dir='ltr'>ita</span> <span class='ocrx_word' id='word_1_95' title='bbox 921 1211 1020 1238; x_wconf 86' lang='lat' dir='ltr'>vero</span> <span class='ocrx_word' id='word_1_96' title='bbox 1054 1196 1278 1244; x_wconf 83' lang='lat' dir='ltr'>adstabat,</span> <span class='ocrx_word' id='word_1_97' title='bbox 1314 1202 1360 1235; x_wconf 86' lang='lat' dir='ltr'>ut</span> <span class='ocrx_word' id='word_1_98' title='bbox 1387 1196 1591 1249; x_wconf 75' lang='lat' dir='ltr'>elypeum</span> 
     </span>
     <span class='ocr_line' id='line_1_14' title="bbox 210 1269 1583 1324; baseline -0.004 -15"><span class='ocrx_word' id='word_1_99' title='bbox 210 1275 392 1324; x_wconf 75' lang='lat' dir='ltr'>gestaret</span> <span class='ocrx_word' id='word_1_100' title='bbox 434 1270 546 1309; x_wconf 80' lang='lat' dir='ltr'>eet.”</span> <span class='ocrx_word' id='word_1_101' title='bbox 609 1269 692 1309; x_wconf 87' lang='lat' dir='ltr'>Sed</span> <span class='ocrx_word' id='word_1_102' title='bbox 735 1282 834 1309; x_wconf 75' lang='lat' dir='ltr'>vera</span> <span class='ocrx_word' id='word_1_103' title='bbox 876 1282 963 1308; x_wconf 87' lang='lat' dir='ltr'>non</span> <span class='ocrx_word' id='word_1_104' title='bbox 993 1275 1077 1315; x_wconf 76' lang='lat' dir='ltr'>est,</span> <span class='ocrx_word' id='word_1_105' title='bbox 1124 1281 1268 1322; x_wconf 81' lang='lat' dir='ltr'>neque</span> <span class='ocrx_word' id='word_1_106' title='bbox 1302 1280 1387 1306; x_wconf 77' lang='lat' dir='ltr'>esse</span> <span class='ocrx_word' id='word_1_107' title='bbox 1416 1272 1583 1320; x_wconf 77' lang='lat' dir='ltr'>potest,</span> 
     </span>
     <span class='ocr_line' id='line_1_15' title="bbox 208 1336 1588 1395; baseline -0.004 -15"><span class='ocrx_word' id='word_1_108' title='bbox 208 1341 240 1380; x_wconf 87' lang='lat' dir='ltr'>si</span> <span class='ocrx_word' id='word_1_109' title='bbox 280 1340 465 1380; x_wconf 83' lang='lat' dir='ltr'>fidenter</span> <span class='ocrx_word' id='word_1_110' title='bbox 509 1341 629 1395; x_wconf 84' lang='lat' dir='ltr'>loqui</span> <span class='ocrx_word' id='word_1_111' title='bbox 663 1340 776 1380; x_wconf 86' lang='lat' dir='ltr'>lieet.</span> <span class='ocrx_word' id='word_1_112' title='bbox 829 1339 945 1390; x_wconf 81' lang='lat' dir='ltr'>Quid</span> <span class='ocrx_word' id='word_1_113' title='bbox 988 1339 1099 1378; x_wconf 87' lang='lat' dir='ltr'>enim</span> <span class='ocrx_word' id='word_1_114' title='bbox 1135 1345 1195 1377; x_wconf 87' lang='lat' dir='ltr'>est</span> <span class='ocrx_word' id='word_1_115' title='bbox 1227 1337 1349 1392; x_wconf 86' lang='lat' dir='ltr'>quod</span> <span class='ocrx_word' id='word_1_116' title='bbox 1381 1336 1588 1376; x_wconf 76' lang='lat' dir='ltr'>Adrastus</span> 
     </span>
     <span class='ocr_line' id='line_1_16' title="bbox 208 1408 1588 1471; baseline -0.003 -20"><span class='ocrx_word' id='word_1_117' title='bbox 208 1411 367 1452; x_wconf 81' lang='lat' dir='ltr'>dieitur</span> <span class='ocrx_word' id='word_1_118' title='bbox 392 1411 588 1471; x_wconf 76' lang='grc' dir='ltr'><em>ἐκπληρῶν</em></span> <span class='ocrx_word' id='word_1_119' title='bbox 619 1417 789 1451; x_wconf 84' lang='lat' dir='ltr'>scutum</span> <span class='ocrx_word' id='word_1_120' title='bbox 817 1425 940 1451; x_wconf 84' lang='lat' dir='ltr'>suum</span> <span class='ocrx_word' id='word_1_121' title='bbox 974 1409 1218 1465; x_wconf 75' lang='lat' dir='ltr'>anguibus?</span> <span class='ocrx_word' id='word_1_122' title='bbox 1250 1408 1588 1448; x_wconf 67' lang='lat' dir='ltr'>Scholiastarum</span> 
     </span>
     <span class='ocr_line' id='line_1_17' title="bbox 208 1480 1585 1541; baseline -0.001 -18"><span class='ocrx_word' id='word_1_123' title='bbox 208 1497 316 1523; x_wconf 88' lang='lat' dir='ltr'>unus</span> <span class='ocrx_word' id='word_1_124' title='bbox 359 1483 441 1522; x_wconf 82' lang='lat' dir='ltr'>lioe</span> <span class='ocrx_word' id='word_1_125' title='bbox 488 1482 690 1538; x_wconf 82' lang='lat' dir='ltr'>expedire</span> <span class='ocrx_word' id='word_1_126' title='bbox 736 1488 920 1523; x_wconf 84' lang='lat' dir='ltr'>conatur</span> <span class='ocrx_word' id='word_1_127' title='bbox 962 1481 1102 1522; x_wconf 80' lang='lat' dir='ltr'>verbis</span> <span class='ocrx_word' id='word_1_128' title='bbox 1135 1481 1362 1541; x_wconf 77' lang='grc' dir='ltr'><em>ἐκπληρῶν,</em></span> <span class='ocrx_word' id='word_1_129' title='bbox 1403 1480 1487 1522; x_wconf 67' lang='grc' dir='ltr'>ἀντὶ</span> <span class='ocrx_word' id='word_1_130' title='bbox 1520 1484 1585 1521; x_wconf 77' lang='grc' dir='ltr'>τοῦ</span> 
     </span>
     <span class='ocr_line' id='line_1_18' title="bbox 205 1553 1585 1614; baseline -0.003 -18"><span class='ocrx_word' id='word_1_131' title='bbox 205 1553 443 1614; x_wconf 63' lang='grc' dir='ltr'><em>πληρώσας,</em></span> <span class='ocrx_word' id='word_1_132' title='bbox 487 1555 609 1610; x_wconf 89' lang='lat' dir='ltr'>quod</span> <span class='ocrx_word' id='word_1_133' title='bbox 651 1554 771 1594; x_wconf 86' lang='lat' dir='ltr'>futile</span> <span class='ocrx_word' id='word_1_134' title='bbox 815 1561 896 1594; x_wconf 88' lang='lat' dir='ltr'>est:</span> <span class='ocrx_word' id='word_1_135' title='bbox 948 1554 1017 1594; x_wconf 86' lang='lat' dir='ltr'>alii</span> <span class='ocrx_word' id='word_1_136' title='bbox 1061 1554 1225 1595; x_wconf 78' lang='lat' dir='ltr'>diversa</span> <span class='ocrx_word' id='word_1_137' title='bbox 1262 1554 1500 1593; x_wconf 87' lang='lat' dir='ltr'>moliuntur</span> <span class='ocrx_word' id='word_1_138' title='bbox 1540 1559 1585 1592; x_wconf 90' lang='lat' dir='ltr'>ut</span> 
     </span>
     <span class='ocr_line' id='line_1_19' title="bbox 206 1625 1584 1681; baseline -0.001 -15"><span class='ocrx_word' id='word_1_139' title='bbox 206 1627 570 1667; x_wconf 74' lang='lat' dir='ltr'>constructionem</span> <span class='ocrx_word' id='word_1_140' title='bbox 594 1625 822 1667; x_wconf 88' lang='lat' dir='ltr'>verborum</span> <span class='ocrx_word' id='word_1_141' title='bbox 848 1626 1096 1681; x_wconf 81' lang='lat' dir='ltr'>expediant.</span> <span class='ocrx_word' id='word_1_142' title='bbox 1126 1626 1221 1666; x_wconf 88' lang='lat' dir='ltr'>Non</span> <span class='ocrx_word' id='word_1_143' title='bbox 1238 1625 1428 1680; x_wconf 76' lang='lat' dir='ltr'>intelligo</span> <span class='ocrx_word' id='word_1_144' title='bbox 1444 1625 1584 1664; x_wconf 84' lang='lat' dir='ltr'>Adra-</span> 
     </span>
     <span class='ocr_line' id='line_1_20' title="bbox 205 1697 1585 1754; baseline -0.002 -16"><span class='ocrx_word' id='word_1_145' title='bbox 205 1704 315 1739; x_wconf 88' lang='lat' dir='ltr'>stum</span> <span class='ocrx_word' id='word_1_146' title='bbox 364 1705 467 1739; x_wconf 89' lang='lat' dir='ltr'>tunc</span> <span class='ocrx_word' id='word_1_147' title='bbox 515 1698 719 1754; x_wconf 87' lang='lat' dir='ltr'>elypeum</span> <span class='ocrx_word' id='word_1_148' title='bbox 765 1697 978 1753; x_wconf 83' lang='lat' dir='ltr'>anguibus</span> <span class='ocrx_word' id='word_1_149' title='bbox 1020 1698 1292 1753; x_wconf 82' lang='lat' dir='ltr'>implentem:</span> <span class='ocrx_word' id='word_1_150' title='bbox 1348 1697 1450 1736; x_wconf 86' lang='lat' dir='ltr'>talia</span> <span class='ocrx_word' id='word_1_151' title='bbox 1495 1697 1585 1736; x_wconf 84' lang='lat' dir='ltr'>for-</span> 
     </span>
     <span class='ocr_line' id='line_1_21' title="bbox 204 1768 1583 1825; baseline -0.002 -15"><span class='ocrx_word' id='word_1_152' title='bbox 204 1777 312 1810; x_wconf 87' lang='lat' dir='ltr'>tasse</span> <span class='ocrx_word' id='word_1_153' title='bbox 352 1771 453 1810; x_wconf 85' lang='lat' dir='ltr'>mali</span> <span class='ocrx_word' id='word_1_154' title='bbox 495 1777 650 1825; x_wconf 84' lang='lat' dir='ltr'>poetae</span> <span class='ocrx_word' id='word_1_155' title='bbox 690 1769 873 1810; x_wconf 87' lang='lat' dir='ltr'>audent:</span> <span class='ocrx_word' id='word_1_156' title='bbox 918 1768 1056 1825; x_wconf 86' lang='lat' dir='ltr'>probe</span> <span class='ocrx_word' id='word_1_157' title='bbox 1090 1783 1190 1810; x_wconf 88' lang='lat' dir='ltr'>vero</span> <span class='ocrx_word' id='word_1_158' title='bbox 1222 1769 1415 1824; x_wconf 80' lang='lat' dir='ltr'>intelligo</span> <span class='ocrx_word' id='word_1_159' title='bbox 1447 1769 1583 1824; x_wconf 76' lang='lat' dir='ltr'>ipsam</span> 
     </span>
     <span class='ocr_line' id='line_1_22' title="bbox 201 1841 1575 1897; baseline -0.002 -15"><span class='ocrx_word' id='word_1_160' title='bbox 201 1842 393 1897; x_wconf 80' lang='lat' dir='ltr'>Hydram</span> <span class='ocrx_word' id='word_1_161' title='bbox 440 1849 614 1882; x_wconf 85' lang='lat' dir='ltr'>eentum</span> <span class='ocrx_word' id='word_1_162' title='bbox 668 1842 752 1882; x_wconf 88' lang='lat' dir='ltr'>suis</span> <span class='ocrx_word' id='word_1_163' title='bbox 799 1841 1012 1897; x_wconf 82' lang='lat' dir='ltr'>anguibus</span> <span class='ocrx_word' id='word_1_164' title='bbox 1057 1842 1258 1896; x_wconf 86' lang='lat' dir='ltr'>elypeum</span> <span class='ocrx_word' id='word_1_165' title='bbox 1304 1841 1575 1896; x_wconf 87' lang='lat' dir='ltr'>implentem:</span> 
     </span>
     <span class='ocr_line' id='line_1_23' title="bbox 204 1912 1578 1969; baseline -0.003 -15"><span class='ocrx_word' id='word_1_166' title='bbox 204 1913 289 1954; x_wconf 87' lang='lat' dir='ltr'>hoc</span> <span class='ocrx_word' id='word_1_167' title='bbox 315 1914 537 1969; x_wconf 87' lang='lat' dir='ltr'>poeticum</span> <span class='ocrx_word' id='word_1_168' title='bbox 564 1920 643 1962; x_wconf 79' lang='lat' dir='ltr'>est,</span> <span class='ocrx_word' id='word_1_169' title='bbox 670 1927 758 1954; x_wconf 90' lang='lat' dir='ltr'>non</span> <span class='ocrx_word' id='word_1_170' title='bbox 780 1913 902 1969; x_wconf 84' lang='lat' dir='ltr'>quod</span> <span class='ocrx_word' id='word_1_171' title='bbox 929 1914 1146 1969; x_wconf 85' lang='lat' dir='ltr'>vulgatur:</span> <span class='ocrx_word' id='word_1_172' title='bbox 1177 1912 1240 1953; x_wconf 84' lang='lat' dir='ltr'>Cf.</span> <span class='ocrx_word' id='word_1_173' title='bbox 1266 1912 1419 1968; x_wconf 77' lang='lat' dir='ltr'>Iphe&#39;g.</span> <span class='ocrx_word' id='word_1_174' title='bbox 1444 1912 1578 1951; x_wconf 73' lang='lat' dir='ltr'>Taur-</span> 
     </span>
     <span class='ocr_line' id='line_1_24' title="bbox 204 1983 1578 2043; baseline -0.001 -18"><span class='ocrx_word' id='word_1_175' title='bbox 204 1985 304 2027; x_wconf 81' lang='lat'><strong>279.</strong></span> <span class='ocrx_word' id='word_1_176' title='bbox 332 1986 383 2025; x_wconf 91' lang='lat' dir='ltr'>H.</span> <span class='ocrx_word' id='word_1_177' title='bbox 433 1985 651 2025; x_wconf 82' lang='lat' dir='ltr'>Sententia</span> <span class='ocrx_word' id='word_1_178' title='bbox 685 1986 930 2026; x_wconf 84' lang='lat' dir='ltr'>restituetur</span> <span class='ocrx_word' id='word_1_179' title='bbox 962 1984 1172 2025; x_wconf 88' lang='lat' dir='ltr'>mutando</span> <span class='ocrx_word' id='word_1_180' title='bbox 1210 1983 1408 2043; x_wconf 74' lang='grc' dir='ltr'>ἐκπληρῶν</span> <span class='ocrx_word' id='word_1_181' title='bbox 1440 1984 1485 2023; x_wconf 88' lang='lat' dir='ltr'>in</span> <span class='ocrx_word' id='word_1_182' title='bbox 1514 1983 1578 2024; x_wconf 77' lang='grc' dir='ltr'>έκ-</span> 
     </span>
     <span class='ocr_line' id='line_1_25' title="bbox 204 2056 1581 2116; baseline 0.001 -20"><span class='ocrx_word' id='word_1_183' title='bbox 204 2057 397 2116; x_wconf 72' lang='grc' dir='ltr'><em>πληροῦν,</em></span> <span class='ocrx_word' id='word_1_184' title='bbox 430 2063 471 2096; x_wconf 87' lang='lat' dir='ltr'>et</span> <span class='ocrx_word' id='word_1_185' title='bbox 503 2056 686 2096; x_wconf 88' lang='lat' dir='ltr'>delenda</span> <span class='ocrx_word' id='word_1_186' title='bbox 728 2057 1001 2097; x_wconf 85' lang='lat' dir='ltr'>distinctione</span> <span class='ocrx_word' id='word_1_187' title='bbox 1038 2063 1134 2112; x_wconf 85' lang='lat' dir='ltr'>post</span> <span class='ocrx_word' id='word_1_188' title='bbox 1165 2062 1307 2116; x_wconf 66' lang='grc' dir='ltr'><em>γραφῇ.</em></span> <span class='ocrx_word' id='word_1_189' title='bbox 1354 2056 1508 2110; x_wconf 86' lang='lat' dir='ltr'>Itaque</span> <span class='ocrx_word' id='word_1_190' title='bbox 1539 2057 1581 2098; x_wconf 88' lang='grc' dir='ltr'>τὸ</span> 
     </span>
     <span class='ocr_line' id='line_1_26' title="bbox 204 2127 1583 2188; baseline -0.001 -18"><span class='ocrx_word' id='word_1_191' title='bbox 204 2127 290 2179; x_wconf 77' lang='grc' dir='ltr'><em>ἑξῆς</em></span> <span class='ocrx_word' id='word_1_192' title='bbox 323 2128 423 2168; x_wconf 82' lang='lat' dir='ltr'>erit:</span> <span class='ocrx_word' id='word_1_193' title='bbox 459 2130 559 2183; x_wconf 72' lang='grc' dir='ltr'><em>ἔχων</em></span> <span class='ocrx_word' id='word_1_194' title='bbox 591 2127 748 2169; x_wconf 75' lang='grc' dir='ltr'>λαιοῖσιν</span> <span class='ocrx_word' id='word_1_195' title='bbox 781 2127 817 2170; x_wconf 79' lang='grc' dir='ltr'>ἐν</span> <span class='ocrx_word' id='word_1_196' title='bbox 839 2127 1044 2188; x_wconf 75' lang='grc' dir='ltr'><em>βραχίοσιν</em></span> <span class='ocrx_word' id='word_1_197' title='bbox 1079 2129 1225 2184; x_wconf 74' lang='grc' dir='ltr'><em>αὔχημ’</em></span> <span class='ocrx_word' id='word_1_198' title='bbox 1259 2129 1431 2188; x_wconf 78' lang='grc' dir='ltr'><em>Ἀργεῖον</em></span> <span class='ocrx_word' id='word_1_199' title='bbox 1463 2127 1583 2188; x_wconf 73' lang='grc' dir='ltr'><em>ὕδρας</em></span> 
     </span>
     <span class='ocr_line' id='line_1_27' title="bbox 204 2198 1580 2259; baseline -0.001 -17"><span class='ocrx_word' id='word_1_200' title='bbox 204 2200 411 2259; x_wconf 72' lang='grc' dir='ltr'><em>ἐκπληροῦν</em></span> <span class='ocrx_word' id='word_1_201' title='bbox 453 2198 589 2241; x_wconf 76' lang='grc' dir='ltr'><em>ἀσπίδ’</em></span> <span class='ocrx_word' id='word_1_202' title='bbox 632 2199 713 2242; x_wconf 80' lang='grc' dir='ltr'>κτὲ.</span> <span class='ocrx_word' id='word_1_203' title='bbox 770 2199 971 2240; x_wconf 89' lang='lat' dir='ltr'>Ceterum</span> <span class='ocrx_word' id='word_1_204' title='bbox 1012 2200 1187 2255; x_wconf 87' lang='lat' dir='ltr'>vulgata</span> <span class='ocrx_word' id='word_1_205' title='bbox 1224 2201 1354 2240; x_wconf 83' lang='lat' dir='ltr'>lectio</span> <span class='ocrx_word' id='word_1_206' title='bbox 1389 2200 1580 2255; x_wconf 85' lang='lat' dir='ltr'>Hydram</span> 
     </span>
     <span class='ocr_line' id='line_1_28' title="bbox 206 2271 1583 2329; baseline -0.001 -16"><span class='ocrx_word' id='word_1_207' title='bbox 206 2273 330 2329; x_wconf 83' lang='lat' dir='ltr'>quasi</span> <span class='ocrx_word' id='word_1_208' title='bbox 370 2278 539 2327; x_wconf 85' lang='lat' dir='ltr'>separat</span> <span class='ocrx_word' id='word_1_209' title='bbox 580 2271 635 2311; x_wconf 86' lang='lat' dir='ltr'>ab</span> <span class='ocrx_word' id='word_1_210' title='bbox 676 2271 916 2326; x_wconf 87' lang='lat' dir='ltr'>anguibus,</span> <span class='ocrx_word' id='word_1_211' title='bbox 960 2271 1135 2326; x_wconf 90' lang='lat' dir='ltr'>qualem</span> <span class='ocrx_word' id='word_1_212' title='bbox 1175 2272 1218 2311; x_wconf 90' lang='lat' dir='ltr'>in</span> <span class='ocrx_word' id='word_1_213' title='bbox 1257 2272 1412 2326; x_wconf 82' lang='lat' dir='ltr'>clypeo</span> <span class='ocrx_word' id='word_1_214' title='bbox 1447 2279 1583 2327; x_wconf 79' lang='lat' dir='ltr'>gestat</span> 
     </span>
     <span class='ocr_line' id='line_1_29' title="bbox 204 2341 1580 2398; baseline -0.001 -13"><span class='ocrx_word' id='word_1_215' title='bbox 204 2344 440 2385; x_wconf 84' lang='lat' dir='ltr'>Aventinus</span> <span class='ocrx_word' id='word_1_216' title='bbox 480 2342 599 2397; x_wconf 85' lang='lat' dir='ltr'>apud</span> <span class='ocrx_word' id='word_1_217' title='bbox 640 2342 791 2398; x_wconf 86' lang='lat' dir='ltr'>Virgil.</span> <span class='ocrx_word' id='word_1_218' title='bbox 833 2341 944 2382; x_wconf 79' lang='lat' dir='ltr'>Aen.</span> <span class='ocrx_word' id='word_1_219' title='bbox 984 2342 1081 2384; x_wconf 84' lang='lat' dir='ltr'>Vll.</span> <span class='ocrx_word' id='word_1_220' title='bbox 1113 2341 1213 2384; x_wconf 83' lang='lat'>657.</span> <span class='ocrx_word' id='word_1_221' title='bbox 1253 2342 1326 2383; x_wconf 90' lang='lat' dir='ltr'>ubi</span> <span class='ocrx_word' id='word_1_222' title='bbox 1364 2357 1451 2383; x_wconf 89' lang='lat' dir='ltr'>non</span> <span class='ocrx_word' id='word_1_223' title='bbox 1489 2350 1580 2384; x_wconf 86' lang='lat' dir='ltr'>erat</span> 
     </span>
     <span class='ocr_line' id='line_1_30' title="bbox 204 2414 1580 2469; baseline -0.001 -13"><span class='ocrx_word' id='word_1_224' title='bbox 204 2430 284 2457; x_wconf 81' lang='lat' dir='ltr'>cur</span> <span class='ocrx_word' id='word_1_225' title='bbox 323 2415 453 2454; x_wconf 86' lang='lat' dir='ltr'>Poeta</span> <span class='ocrx_word' id='word_1_226' title='bbox 496 2414 736 2469; x_wconf 84' lang='lat' dir='ltr'>seiungeret</span> <span class='ocrx_word' id='word_1_227' title='bbox 777 2419 951 2454; x_wconf 73' lang='lat' dir='ltr'>eentum</span> <span class='ocrx_word' id='word_1_228' title='bbox 986 2428 1156 2469; x_wconf 78' lang='lat' dir='ltr'>angues</span> <span class='ocrx_word' id='word_1_229' title='bbox 1187 2420 1227 2454; x_wconf 89' lang='lat' dir='ltr'>et</span> <span class='ocrx_word' id='word_1_230' title='bbox 1259 2416 1454 2455; x_wconf 66' lang='lat' dir='ltr'>cinctam</span> <span class='ocrx_word' id='word_1_231' title='bbox 1484 2429 1580 2455; x_wconf 77' lang='lat' dir='ltr'>ser-</span> 
     </span>
     <span class='ocr_line' id='line_1_31' title="bbox 198 2485 1580 2542; baseline 0 -15"><span class='ocrx_word' id='word_1_232' title='bbox 198 2486 413 2542; x_wconf 61' lang='lat' dir='ltr'>pentibus</span> <span class='ocrx_word' id='word_1_233' title='bbox 454 2485 681 2541; x_wconf 71' lang='lat' dir='ltr'>Hydram,</span> <span class='ocrx_word' id='word_1_234' title='bbox 716 2485 747 2524; x_wconf 88' lang='lat' dir='ltr'>si</span> <span class='ocrx_word' id='word_1_235' title='bbox 779 2486 943 2540; x_wconf 87' lang='lat' dir='ltr'>integra</span> <span class='ocrx_word' id='word_1_236' title='bbox 979 2485 1087 2525; x_wconf 81' lang='lat' dir='ltr'>haee</span> <span class='ocrx_word' id='word_1_237' title='bbox 1119 2492 1247 2525; x_wconf 89' lang='lat' dir='ltr'>esset:</span> <span class='ocrx_word' id='word_1_238' title='bbox 1297 2486 1580 2541; x_wconf 85' lang='lat' dir='ltr'>quamobrem</span> 
     </span>
     <span class='ocr_line' id='line_1_32' title="bbox 204 2556 1579 2613; baseline -0.001 -14"><span class='ocrx_word' id='word_1_239' title='bbox 204 2559 290 2599; x_wconf 85' lang='lat' dir='ltr'>hoc</span> <span class='ocrx_word' id='word_1_240' title='bbox 333 2571 513 2613; x_wconf 83' lang='lat' dir='ltr'>quoque</span> <span class='ocrx_word' id='word_1_241' title='bbox 549 2557 776 2597; x_wconf 85' lang='lat' dir='ltr'>confirmat</span> <span class='ocrx_word' id='word_1_242' title='bbox 813 2557 987 2597; x_wconf 87' lang='lat' dir='ltr'>doctam</span> <span class='ocrx_word' id='word_1_243' title='bbox 1018 2556 1303 2612; x_wconf 86' lang='lat' dir='ltr'>Peerlkampii</span> <span class='ocrx_word' id='word_1_244' title='bbox 1342 2560 1579 2598; x_wconf 84' lang='lat' dir='ltr'>eorrectio-</span> 
     </span>
     <span class='ocr_line' id='line_1_33' title="bbox 204 2628 1581 2684; baseline -0.001 -13"><span class='ocrx_word' id='word_1_245' title='bbox 204 2645 325 2671; x_wconf 88' lang='lat' dir='ltr'>nem:</span> <span class='ocrx_word' id='word_1_246' title='bbox 360 2635 631 2683; x_wconf 73' lang='lat' dir='ltr'>seclamque.</span> <span class='ocrx_word' id='word_1_247' title='bbox 662 2629 721 2668; x_wconf 88' lang='lat' dir='ltr'>De</span> <span class='ocrx_word' id='word_1_248' title='bbox 744 2628 831 2668; x_wconf 89' lang='lat' dir='ltr'>Silii</span> <span class='ocrx_word' id='word_1_249' title='bbox 859 2628 1096 2668; x_wconf 84' lang='lat' dir='ltr'>imitatione</span> <span class='ocrx_word' id='word_1_250' title='bbox 1122 2629 1361 2684; x_wconf 82' lang='lat' dir='ltr'>praeiverat</span> <span class='ocrx_word' id='word_1_251' title='bbox 1385 2629 1422 2669; x_wconf 86' lang='lat' dir='ltr'>ei</span> <span class='ocrx_word' id='word_1_252' title='bbox 1450 2629 1581 2672; x_wconf 86' lang='lat' dir='ltr'>Vale-</span> 
     </span>
     <span class='ocr_line' id='line_1_34' title="bbox 205 2700 1497 2743; baseline -0.007 -2"><span class='ocrx_word' id='word_1_253' title='bbox 205 2701 432 2743; x_wconf 86' lang='lat' dir='ltr'>kenaerius</span> <span class='ocrx_word' id='word_1_254' title='bbox 464 2700 520 2741; x_wconf 89' lang='lat' dir='ltr'>ad</span> <span class='ocrx_word' id='word_1_255' title='bbox 552 2700 594 2740; x_wconf 84' lang='lat' dir='ltr'>h.</span> <span class='ocrx_word' id='word_1_256' title='bbox 624 2701 652 2739; x_wconf 85' lang='lat' dir='ltr'>l.</span> <span class='ocrx_word' id='word_1_257' title='bbox 1493 2708 1497 2709; x_wconf 48' lang='lat'><em>⁷</em></span> 
     </span>
    </p>

    <p class='ocr_par' dir='ltr' id='par_1_3' title="bbox 270 2767 1578 2831">
     <span class='ocr_line' id='line_1_35' title="bbox 270 2767 1578 2831; baseline 0 -18"><span class='ocrx_word' id='word_1_258' title='bbox 270 2771 392 2814; x_wconf 85' lang='lat'>1158.</span> <span class='ocrx_word' id='word_1_259' title='bbox 457 2772 491 2819; x_wconf 71' lang='grc' dir='ltr'>ἐς</span> <span class='ocrx_word' id='word_1_260' title='bbox 525 2767 640 2820; x_wconf 65' lang='grc' dir='ltr'><em>οὖδας</em></span> <span class='ocrx_word' id='word_1_261' title='bbox 673 2798 728 2802; x_wconf 80' lang='lat'>——</span> <span class='ocrx_word' id='word_1_262' title='bbox 761 2770 1042 2831; x_wconf 73' lang='grc' dir='ltr'><em>κυβιστητῆρας</em></span> <span class='ocrx_word' id='word_1_263' title='bbox 1076 2771 1393 2821; x_wconf 74' lang='grc' dir='ltr'><em>ἐκπεπνευκότας.</em></span> <span class='ocrx_word' id='word_1_264' title='bbox 1448 2773 1578 2813; x_wconf 84' lang='lat' dir='ltr'>Prae-</span> 
     </span>
    </p>
   </div>
  </div>
 </body>
</html>
