2020 3326
586 243 1151 287 COMMENTARIUS.
1472 247 1557 289 237

195 399 324 440 qnam
356 385 527 424 demum
558 385 639 424 vim
672 384 870 428 liaberet,
906 384 937 423 si
965 397 1015 423 co
1045 383 1141 422 1000
1168 383 1360 425 Eteocles
1386 384 1559 426 Creonti

197 457 464 497 mandasset:
524 474 539 492 »
558 455 737 511 prohibe
782 457 1000 512 sepultura
1045 455 1317 510 polynicem,
1374 464 1413 497 et
1457 471 1560 498 cave

198 530 363 585 aperias
395 543 473 569 cur
504 528 775 584 proliilJeas.'‘

260 600 382 641 1638.
422 600 488 642 ἐοῖν
521 599 557 641 δ’
581 600 823 655 ἄκλαυστον,
855 603 1028 658 ἄταφον,
1059 601 1197 649 οἰωνοῖς
1231 599 1366 660 βοράν.
1412 601 1473 640 Ex
1500 601 1559 640 in-

197 673 343 712 stituto
384 686 478 712 meo
516 674 658 727 recepi
691 673 803 712 hunc
837 687 1025 722 versum,
1068 675 1154 713 sine
1190 673 1475 713 controversia
1510 687 1560 712 ex

199 744 427 800 Sophoclis
455 743 712 799 Antigonae
740 745 858 784 initio
888 745 1151 794 desumtnm,
1185 752 1224 785 et
1252 745 1352 785 huic
1379 745 1475 784 loco
1502 745 1562 784 in-

198 823 295 871 epte
328 816 559 856 adiectum.
602 817 707 856 Eum
739 830 883 856 omnes
912 817 1103 857 Editorcs
1132 818 1474 872 proscripserunt
1505 817 1563 856 in-

195 889 248 928 de
275 888 328 928 al)
356 888 652 929 Valckenaerii
689 888 818 928 docto
855 896 1074 944 acutoque
1114 890 1290 929 monito.
1343 888 1449 929 Cum
1477 888 1561 928 hoc

200 961 257 1001 ita
288 961 458 1016 penitus
490 961 698 1001 consensit
730 968 769 1000 et
802 961 960 1000 coaluit
990 962 1277 1009 Hermannus,
1323 968 1369 1001 ut
1407 974 1563 1001 nomen

200 1033 325 1088 primi
351 1032 568 1072 monitoris
594 1046 928 1073 commemorare
949 1034 1147 1073 omiserit.
1182 1032 1271 1073 Orti
1301 1040 1441 1073 tamen
1467 1039 1563 1072 sunt

200 1104 484 1144 Firnhaberus
514 1111 553 1144 et
579 1105 795 1153 Klotzius,
836 1106 993 1145 strenui
1020 1120 1163 1146 versus
1194 1111 1559 1161 propugnatores,

200 1190 388 1231 quorum
426 1176 495 1215 ille
532 1176 658 1215 docte
692 1176 866 1231 quidem
901 1176 1132 1231 disputavit
1169 1177 1197 1216 l.
1222 1177 1247 1216 l.
1280 1193 1323 1231 p.
1360 1176 1439 1216 113
1465 1190 1562 1230 sqq.

202 1249 273 1288 sed
304 1249 512 1304 pleraque
543 1255 658 1288 extra
689 1248 815 1288 oleas.
854 1249 1106 1288 Taediosum
1137 1249 1264 1288 estin
1290 1262 1334 1288 re
1361 1249 1566 1303 apertissi-

199 1335 267 1361 ma
299 1334 411 1375 quae
441 1326 588 1375 argute
619 1319 855 1360 asseruntur
891 1321 1103 1360 refellere:
1135 1320 1254 1376 quod
1281 1334 1334 1360 ne
1363 1334 1461 1360 cum
1488 1320 1565 1360 fas-

200 1393 304 1433 tidio
337 1392 486 1432 dixisse
516 1391 681 1440 videar,
719 1406 852 1431 unum
880 1391 1246 1432 commemorabo:
1280 1405 1361 1432 nec
1392 1391 1565 1432 Firnha-

199 1464 348 1504 berum
388 1477 468 1503 nec
501 1462 720 1503 Klotziurn
756 1464 998 1518 perspicere
1032 1464 1220 1519 potuisse
1248 1488 1305 1493 »-
1336 1464 1565 1519 quominus

200 1536 380 1576 noluisse
407 1535 570 1583 dicam,
601 1535 752 1575 retinet
781 1549 848 1575 me
874 1536 1095 1591 utriusque
1121 1536 1371 1576 existimatio
1397 1561 1453 1566 —
1477 1550 1566 1576 ver-

200 1608 257 1648 ba
296 1607 514 1656 Creontis,
560 1605 597 1655 ὃς
627 1607 672 1648 ἂν
704 1608 831 1667 νεκρὸν
862 1607 963 1650 τόνδ’
996 1609 1019 1654 ἢ
1052 1609 1300 1669 καταστέφων
1333 1608 1417 1666 ἁλῷ
1460 1608 1482 1654 ἢ
1514 1615 1563 1665 γῇ

201 1681 421 1736 καλύπτων,
445 1681 605 1722 θάνατον
636 1679 941 1737 ἀνταλλάξεται,
968 1682 1098 1736 ipsius
1120 1696 1205 1722 esse
1226 1681 1390 1737 publici
1413 1681 1560 1721 edicti:

203 1754 360 1809 quibus
389 1754 497 1794 bene
528 1754 718 1809 expensis
747 1755 953 1795 inducent
980 1755 1153 1795 fortasse
1178 1768 1290 1809 quae
1317 1753 1437 1794 haud
1467 1755 1564 1794 satis

204 1826 439 1882 prudenter
468 1827 727 1881 seripserunt
758 1826 810 1866 de
843 1827 1162 1867 constructione
1188 1826 1408 1872 liberiore,
1442 1832 1482 1865 et
1509 1825 1563 1866 de

201 1905 405 1953 sequente
422 1898 631 1939 infinitivo
651 1897 736 1954 ἐάν,
760 1899 920 1939 scilicet
946 1905 1042 1954 post
1058 1898 1206 1939 verba:
1234 1898 1395 1940 θάνατον
1424 1897 1563 1939 ἀνταλ-

203 1969 392 2025 λάξεται,
424 1984 537 2025 quae
568 1970 756 2010 edictum
788 1971 1005 2025 complent
1034 1977 1074 2010 et
1106 1970 1328 2010 claudunt.
1366 1969 1564 2011 Laudan-

203 2045 257 2083 da
298 2042 546 2083 Firnhaberi
583 2041 820 2083 observatio
850 2042 1004 2082 indolis
1034 2041 1224 2083 Creontis
1251 2042 1492 2097 Euripidei,
1537 2056 1562 2082 a

205 2129 293 2170 quo
322 2115 519 2171 profecto
549 2128 637 2154 non
664 2120 882 2169 exspectes
911 2114 1196 2154 crudelissime
1227 2114 1391 2154 dictum
1417 2128 1563 2155 coram

202 2194 324 2243 patre
352 2193 392 2227 et
417 2199 558 2226 sorore
587 2186 743 2226 mortui
774 2186 1000 2241 Polynicis.
1032 2186 1118 2227 Cur
1146 2187 1258 2226 ultro
1287 2186 1441 2226 deinde
1468 2186 1561 2227 obs-

203 2259 370 2300 curavit
400 2258 463 2299 vir
491 2257 756 2303 doctissimus
791 2257 912 2312 quod
942 2258 1106 2313 egregie
1142 2256 1396 2298 monuerat?
1442 2259 1562 2298 Klot-

207 2331 319 2380 zius,
340 2330 464 2371 semel
482 2329 637 2370 oblitus
658 2329 765 2384 quid
781 2329 949 2369 deceat:
971 2329 1332 2372 »Valckenaerius
1359 2328 1556 2385 (inquit),

203 2403 320 2444 hunc
351 2416 530 2457 quoque
568 2415 731 2442 versum
767 2402 1034 2456 suppositum
1076 2415 1161 2441 esse
1196 2401 1437 2442 clamavit.”
1481 2402 1562 2442 Im-

205 2489 275 2515 mo
312 2475 402 2530 ipse
443 2474 562 2514 locus
595 2472 808 2529 Euripidis
840 2473 1021 2521 clamat,
1070 2487 1111 2513 se
1148 2472 1434 2514 redundantia
1471 2487 1560 2515 ver-

203 2546 356 2587 borum
388 2545 599 2601 impediri.

268 2617 393 2659 1639.
435 2617 638 2660 ἐκλιποῦσα
670 2617 887 2677 τριπτύχων
917 2618 1080 2678 ιθρήνους
1111 2623 1263 2676 νεκρῶν.
1308 2616 1467 2657 Munita
1501 2623 1560 2657 est

203 2691 312 2731 haec
342 2690 469 2730 lectio
498 2689 663 2744 aliquot
693 2689 893 2729 codicum
923 2690 1199 2739 auctoritate,
1224 2703 1371 2745 neque
1406 2688 1556 2739 habet,

206 2770 251 2803 ut
280 2770 406 2819 puto,
442 2761 562 2818 quod
592 2761 816 2818 displicere
842 2763 987 2818 possit.
1020 2762 1080 2804 Ex
1108 2762 1198 2803 aliis
1223 2761 1338 2803 libris
1363 2762 1562 2804 Herman-
