2020 3326
291 272 370 313 156
688 270 1254 313 COMMENTARIUS.

284 407 374 447 fiat.
403 407 535 447 Affert
563 413 703 447 autem
729 407 773 446 in
803 406 886 445 hac
913 418 1043 445 causa
1068 419 1126 445 vs.
1150 404 1251 445 283.
1285 405 1372 447 ἀλλ’
1396 404 1419 452 ἠ
1441 407 1475 447 σ’
1501 408 1651 450 ἐπίανέν

286 494 338 526 τις
377 483 537 537 ἄπτερος
575 480 712 535 ςιοὶτις,
755 477 967 531 vertitque
1002 476 1046 516 in
1088 475 1251 531 Opusc.
1291 477 1336 518 T.
1366 478 1466 521 VII.
1498 495 1542 534 p.
1575 479 1648 520 45.

284 553 382 590 eine
409 548 590 602 um’ee'fe
621 547 884 587 Naelm'clet.
934 547 1051 602 Ego,
1095 548 1302 602 quoniam
1337 550 1473 589 omnis
1504 564 1650 590 rumor

281 621 453 668 volitat,
486 620 569 660 sive
593 625 807 667 maturus,
840 617 924 659 sive
942 617 1219 668 immaturus,
1249 619 1446 660 adducor
1471 627 1517 660 ut
1545 635 1650 662 con-

280 691 413 730 feram
444 689 685 730 Telemachi
715 688 869 738 verba,
905 702 1018 743 quae
1048 688 1290 745 Penelopae
1323 708 1339 727 ›>
1355 704 1441 731 non
1469 692 1643 732 alatae”

281 767 399 801 erant
430 762 607 819 (ἄπτερος
637 761 777 817 μῦθος.
817 759 897 800 od.
925 759 1062 802 XVII.
1084 760 1156 815 57)
1188 774 1326 816 eaque
1352 763 1548 802 nonnulli
1573 777 1644 803 ve-

277 839 413 872 terum
446 840 561 872 recte
590 832 889 888 explicuerunt
918 835 1136 889 προσήκατο
1169 832 1232 873 τὸν
1262 832 1372 888 λόγον
1404 832 1459 887 *).
1497 833 1645 873 Imita-

277 909 344 943 tus
372 910 454 952 est,
490 910 535 943 ut
551 904 730 959 opinor,
767 902 992 958 Tragicus,
1020 909 1066 942 ut
1084 903 1241 943 chorus
1266 904 1382 943 dicat
1400 904 1456 944 ad
1474 903 1642 958 Clytae-

273 981 521 1014 mnestram:
553 975 733 1015 laetane
745 974 886 1029 faela
902 988 948 1014 es
966 988 1144 1014 rumore
1163 989 1253 1015 non
1276 974 1530 1015 volc'lante?
1558 975 1585 1014 i.
1605 989 1641 1015 e.

274 1060 329 1086 an
376 1046 572 1100 amplexa
603 1060 645 1086 es
674 1046 808 1086 levem
841 1058 1082 1093 rumorem,
1118 1059 1306 1100 eumque
1352 1046 1641 1101 praetervola-

275 1130 320 1156 re
360 1130 447 1157 non
483 1117 642 1157 sivisti?
688 1116 846 1172 quibus
887 1116 1086 1172 congruit
1128 1117 1322 1172 Reginae
1369 1131 1643 1172 responsum,

272 1187 350 1228 sibi
381 1188 563 1242 puerilia
590 1202 614 1227 a
641 1187 774 1227 choro
804 1186 948 1226 tribui.
983 1186 1176 1227 Alterum
1203 1194 1263 1227 est
1288 1189 1332 1228 in
1357 1186 1516 1244 Agam-
1546 1187 1640 1229 145.

275 1258 423 1318 δρόσοις
462 1259 611 1306 άέπτοις
651 1258 826 1317 μαλερῶν
871 1258 1091 1312 [λεόντων],
1136 1258 1164 1298 i.
1193 1272 1229 1298 e.
1273 1261 1373 1299 rori
1401 1274 1492 1299 non
1524 1259 1638 1299 voli-

275 1333 396 1370 tanti
421 1330 624 1385 fortium
655 1331 850 1379 leonum,
894 1330 1095 1369 nimirum
1126 1330 1292 1369 catalis
1325 1330 1518 1370 leonum.
1560 1330 1645 1372 Ve-

273 1414 369 1441 reor
396 1407 443 1441 ut
470 1401 651 1441 multum
682 1400 826 1440 auxilii
852 1399 902 1439 sit
928 1400 971 1439 in
998 1400 1046 1439 iis
1081 1413 1195 1454 quae
1228 1399 1463 1454 Aeschylus
1499 1399 1641 1440 ebrius

272 1472 440 1514 videtur
469 1463 701 1526 scripsisse,
745 1471 778 1511 si
808 1471 999 1526 scripsit;
1040 1470 1144 1509 mihi
1176 1470 1304 1511 verba
1335 1471 1412 1510 ista
1444 1471 1532 1510 sine
1564 1484 1639 1510 co-

274 1543 442 1583 dicibus
471 1542 714 1582 melioribus
744 1541 1013 1597 desperanda
1045 1541 1264 1581 videntur:
1299 1541 1372 1580 sed
1403 1541 1509 1595 quid
1541 1541 1640 1581 dico

271 1621 456 1654 monstra
499 1614 789 1662 canticorum,
831 1613 1189 1668 quandoquidem
1233 1612 1370 1653 Creon
1411 1612 1455 1652 in
1490 1612 1636 1653 Plzoe-

273 1688 436 1735 m‘ssz‘s,
466 1684 565 1725 855.
613 1685 663 1740 (si
695 1699 791 1727 vera
829 1685 1088 1740 scripserunt
1120 1684 1317 1724 Monkius
1357 1691 1395 1723 et
1428 1684 1636 1725 Herman-

271 1755 401 1812 nus),
454 1757 679 1812 fatigatum
725 1755 925 1795 Tiresiam
968 1755 1120 1795 leniter
1165 1756 1388 1810 alloquens
1436 1755 1519 1794 ait:
1573 1755 1638 1796 καὶ

273 1828 405 1884 πνεῦμ’
437 1829 644 1886 ἄθροισον,
686 1823 794 1875 αἶπος
826 1825 1003 1881 ἐκβαλὼν
1037 1824 1141 1867 ὁδοῦ.
1192 1826 1421 1881 Perperam
1455 1826 1641 1881 relinqui

272 1906 381 1955 puto
422 1899 543 1955 quod
588 1899 785 1939 nonnulli
830 1898 925 1938 libri
971 1903 1217 1946 servarunt,
1267 1903 1419 1952 κᾶπος,
1461 1897 1514 1936 (le
1546 1912 1636 1952 quo

272 1970 398 2010 docte
438 1970 670 2026 disputavit
700 1969 1061 2017 Valckenaerius,
1101 1974 1141 2007 et
1172 1974 1267 2023 post
1298 1967 1415 2007 hunc
1455 1966 1500 2007 C.
1530 1968 1637 2008 Mat-

271 2041 436 2082 tliiaeus
475 2042 518 2081 in
555 2042 711 2082 Lexico
741 2040 974 2096 Euripideo
1015 2039 1164 2094 (quem
1194 2038 1349 2079 librum
1378 2052 1465 2078 non
1497 2038 1637 2079 absol-

272 2113 313 2153 vi
340 2112 571 2152 dolendum
614 2126 785 2161 censeo,
827 2111 1076 2167 praesertim
1108 2110 1139 2150 si
1171 2110 1364 2150 Editores
1397 2109 1635 2150 absterren-

274 2189 343 2222 tur
364 2196 509 2223 eorum
534 2183 718 2232 iudicio,
745 2183 821 2238 qui
846 2196 969 2237 aegre
992 2182 1133 2221 ferunt
1160 2181 1257 2236 plus
1279 2180 1482 2235 praestari
1505 2194 1638 2235 quam

274 2254 394 2308 quod
439 2254 691 2309 promissum
734 2253 820 2307 sit).
879 2252 1061 2293 Difficile
1112 2258 1173 2291 est
1215 2251 1271 2291 ad
1320 2251 1638 2291 coniiciendum

277 2337 353 2364 cur
383 2324 578 2365 librarius
610 2342 633 2365 κ
674 2325 902 2373 adiecerit,
937 2324 970 2363 si
1007 2324 1169 2363 nullam
1202 2321 1378 2362 haberet
1410 2322 1638 2362 auctorita-

273 2401 357 2434 tem
397 2395 440 2435 in
482 2395 590 2436 libro
624 2409 754 2451 quem
801 2394 1084 2443 describeret,
1133 2393 1380 2449 praesertim
1420 2393 1465 2432 in
1513 2406 1638 2433 voca-

274 2464 377 2504 bulo
404 2466 596 2506 rarissimi
618 2480 736 2515 usus,
772 2465 893 2520 quod
918 2478 1043 2505 nemo
1072 2471 1212 2504 tamen
1244 2464 1532 2503 demonstrare
1561 2476 1635 2516 po-

276 2535 371 2575 terit
412 2549 499 2576 non
542 2537 740 2577 exstitisse
777 2536 855 2576 nisi
896 2537 939 2575 in
970 2535 1344 2591 grammaticorum
1376 2538 1636 2573 commenta-

311 2655 339 2695 ψ)
374 2655 474 2684 Dictio
508 2657 661 2686 recentior
684 2667 775 2698 quam
799 2663 922 2698 teinpus
951 2667 1012 2698 quo
1037 2655 1126 2688 ἕίτεα
1158 2655 1266 2686 stabili
1290 2654 1431 2696 epitheto
1461 2652 1631 2694 πτερόεν-

277 2723 322 2742 τα
352 2710 555 2751 dicebantur,
584 2712 716 2742 necdum
740 2713 834 2743 huius
857 2719 969 2743 natura
994 2712 1233 2754 explorabatur-3
1267 2710 1349 2753 quod
1373 2711 1475 2751 palam
1499 2716 1544 2741 est
1568 2710 1637 2740 ficri

275 2770 306 2800 in
330 2768 472 2810 opposito
495 2766 648 2811 ἄπτερος
670 2771 811 2809 μῦθος,
844 2769 926 2811 quod
950 2776 1062 2810 quater
1085 2770 1117 2800 in
1140 2768 1272 2809 Odyssea
1294 2767 1424 2807 legitur.
