2020 3326
389 251 446 292 82
780 244 1348 290 COMMENTARIUS.

383 386 513 428 ram?
555 393 595 427 et
620 386 715 441 quis
739 397 828 424 11011
857 382 971 424 videt
1014 381 1189 421 consilio
1226 380 1355 422 verba
1385 380 1444 421 sic
1469 381 1607 436 posita
1639 395 1747 430 esse,

383 466 431 498 ut
461 458 611 498 mulier
639 462 831 495 materno
863 453 984 508 quasi
1019 453 1249 508 complexu
1281 458 1322 492 et
1352 452 1585 492 lactatione
1619 453 1755 492 infan-

384 531 434 569 tis
471 527 696 568 mendacio
738 526 823 566 vim
864 524 1022 564 addere
1052 523 1274 579 fingatur?
1315 523 1446 563 Poeta
1478 524 1629 578 paucis
1658 537 1752 564 ver-

382 600 446 640 bis
490 605 623 639 totam
668 611 756 637 rem
788 595 1138 651 comprehendit:
1186 594 1362 634 affertur
1390 609 1525 650 puer,
1569 608 1657 635 non
1698 594 1753 633 ad

384 669 621 724 Polybum,
668 668 743 708 sed
777 667 834 707 ad
864 667 1093 722 Meropen,
1141 666 1191 714 εἷς
1227 665 1423 714 δεσποίνης
1458 667 1599 726 χέραςε
1646 665 1756 705 haec

384 741 523 781 statim
579 753 807 779 mammam
869 738 907 778 ei
970 736 1177 793 praebet:
1251 739 1495 793 supervenit
1547 737 1723 777 maritus
1744 767 1753 784 ‚

385 813 462 867 qui
497 811 655 851 diutius
686 810 867 850 abfuisse
909 808 1146 850 censendus
1179 814 1262 848 est:
1303 808 1405 848 huic
1446 808 1676 865 persuadet
1716 821 1758 847 se

384 883 502 923 hunc
542 896 727 938 puerum
755 887 883 936 partu
916 880 1109 919 edidisse.
1154 879 1197 919 Si
1229 880 1395 934 scripsit
1424 881 1555 921 Poeta
1587 881 1756 939 τρέφειν,

387 956 533 1011 inepte
568 953 797 994 collocavit
823 951 953 993 verba
984 953 1146 1007 μαστοῖς
1174 949 1317 1009 arfasto:
1350 965 1449 990 nam
1477 952 1507 991 si
1540 965 1650 1007 opus
1680 951 1759 990 fuit

386 1026 553 1067 mulieri
578 1025 756 1066 adsensu
784 1023 948 1071 mariti,
982 1022 1181 1078 peccavit
1212 1021 1333 1076 quod
1357 1035 1407 1061 eo
1433 1021 1626 1061 nondum
1653 1035 1758 1061 con-

387 1099 497 1138 sulto
537 1110 722 1152 puerum
756 1096 867 1135 lacte
901 1107 977 1133 suo
1007 1094 1256 1133 nutriverat.
1310 1093 1361 1132 111
1396 1093 1518 1133 simili
1554 1092 1762 1133 brevitate

387 1175 484 1209 sunt
513 1168 622 1208 infra
649 1181 706 1208 vs.
727 1166 796 1206 44.
839 1166 929 1213 παῖς
964 1166 1113 1223 πατέρα
1148 1165 1261 1205 καίνει
1275 1198 1291 1219 ,
1323 1163 1388 1204 καὶ
1421 1162 1555 1218 λαβὼν
1577 1164 1761 1220 ὀχήματα

390 1238 559 1297 Πολύβῳ
591 1241 721 1299 τροφεῖ
748 1236 933 1291 δίδωσιν,
976 1237 1049 1276 ubi
1089 1236 1176 1277 vid.
1219 1236 1555 1276 Scholiastarum
1599 1237 1761 1296 ἀπορίας

393 1320 434 1353 et
474 1312 613 1359 λύσεις.
664 1310 750 1350 Cur
787 1322 888 1350 vero
930 1308 983 1347 de
1022 1308 1183 1347 infante
1221 1306 1388 1362 Oedipo
1420 1307 1622 1348 verbosus
1658 1314 1763 1348 esset

392 1386 437 1425 in
468 1383 696 1424 traditione
738 1380 932 1435 cognita,
978 1393 1112 1433 quam
1146 1377 1458 1431 Apollodorum
1494 1379 1601 1433 (ΙΙΙ,
1633 1379 1683 1428 5,
1712 1377 1758 1432 3)

393 1470 444 1496 ex
467 1454 738 1495 Phoenissis
772 1451 964 1505 petivisse
996 1449 1176 1489 dubium
1202 1463 1288 1489 non
1315 1449 1401 1489 est?
1441 1450 1523 1501 Qui
1552 1450 1759 1505 denique,

391 1534 438 1567 ut
465 1524 721 1566 Fritzschius
754 1522 809 1562 ad
826 1521 950 1561 Arist.
976 1521 1140 1560 Tleesm.
1161 1519 1247 1560 405
1264 1534 1359 1574 sqq.
1394 1521 1536 1561 facere
1562 1521 1730 1561 videtur
1749 1549 1760 1569 ‚

394 1596 618 1638 comicum
641 1595 698 1635 ad
724 1593 940 1648 Oedipum
973 1592 1184 1646 respicere
1215 1598 1395 1646 putant,
1425 1592 1622 1646 profecto
1655 1592 1762 1632 abu-

393 1675 543 1709 tuntur
569 1667 657 1707 eius
685 1664 846 1713 verbis3
878 1664 1007 1703 immo
1037 1663 1068 1702 si
1100 1676 1232 1717 quam
1258 1663 1343 1703 vim
1373 1662 1531 1702 habent
1561 1664 1763 1716 querelae

393 1739 580 1780 mulieris
607 1735 984 1790 Aristophanicae,
1019 1733 1127 1773 haec
1156 1740 1239 1782 est,
1273 1733 1393 1788 quod
1420 1733 1643 1788 Euripides
1672 1748 1762 1774 sae-

394 1812 493 1867 pius
523 1811 684 1850 fecerat
715 1820 866 1847 uxores
898 1806 1056 1845 alienos
1087 1818 1243 1859 pueros
1273 1811 1588 1859 supponentes,
1623 1818 1763 1860 eoque

395 1883 570 1923 maritos
601 1880 787 1921 Graecos
816 1877 1056 1931 suspicaces
1085 1876 1346 1915 reddiderat.

452 1954 523 1994 33.
586 1952 610 1997 ἢ
642 1950 749 2007 γνοὺς
792 1954 817 1993 ἥ
847 1965 940 1996 τινος
973 1948 1114 2004 μαθὼν
1147 1950 1274 2006 πάρα.
1342 1946 1537 1986 Klotzius
1567 1948 1761 2002 supplet:

396 2040 443 2066 se
474 2040 565 2065 non
596 2038 693 2064 esse
723 2021 888 2076 Polybi
907 2020 1064 2074 filiam.
1095 2033 1149 2058 ac
1181 2018 1402 2073 Meropes.
1456 2017 1654 2057 Formula
1686 2018 1766 2057 ista

397 2099 699 2152 frequentatur
721 2108 744 2134 a
772 2091 983 2134 veteribus
1010 2091 1186 2145 eiusque
1214 2090 1407 2144 exempla
1429 2089 1609 2129 contulit
1634 2089 1765 2131 Valc-

397 2168 624 2209 kenaerius
654 2165 710 2206 ad
738 2163 898 2205 Herod.
927 2162 1014 2211 ΙΙΙ,
1039 2160 1110 2201 81.
1160 2159 1242 2200 Sed
1275 2160 1480 2201 eiusmodi
1511 2166 1571 2199 est
1610 2166 1656 2199 ut
1699 2173 1766 2200 re-

396 2240 541 2295 quirat
570 2238 631 2278 rei
659 2236 856 2292 cognitae
882 2234 947 2275 vel
968 2234 1164 2273 inventae
1180 2232 1453 2271 mentionem.
1485 2230 1639 2285 Itaque
1664 2244 1765 2286 sup-

396 2311 513 2366 pleta
557 2324 580 2349 a
614 2308 787 2348 Klotzio
827 2305 956 2347 verba
998 2304 1142 2359 potius
1180 2303 1338 2357 scripta
1370 2302 1494 2342 fuisse
1525 2308 1564 2341 et
1594 2302 1765 2341 interci-

397 2382 503 2421 disse
534 2386 755 2435 putarem,
796 2377 872 2418 nisi
904 2389 1017 2430 quae
1048 2374 1289 2429 supplenda
1322 2379 1442 2419 sunt,
1478 2372 1644 2411 facilius
1675 2372 1763 2425 peti

393 2457 563 2507 possent
605 2465 654 2490 ex
696 2447 973 2504 praegressis:
1023 2447 1045 2490 ἡ
1079 2444 1124 2486 δὲ
1155 2445 1218 2487 τὸν
1251 2444 1338 2501 ἐμὸν
1379 2469 1426 2475 ——-
1459 2443 1580 2485 πείθει
1621 2445 1757 2484 τεκεῖν.

392 2523 600 2562 Nimirum
633 2521 717 2560 hoc
752 2519 917 2559 factum
958 2530 1043 2557 esse
1073 2515 1262 2571 Oedipus
1300 2522 1373 2555 aut
1402 2516 1492 2569 ipse
1523 2513 1762 2568 suspicatus

396 2599 512 2640 erat,
549 2598 622 2632 aut
656 2605 706 2631 ex
740 2590 831 2630 aliis
863 2588 1097 2629 audiverat.

453 2660 524 2702 34.
563 2661 647 2709 τοὺς
679 2663 870 2708 τεκόντας.
908 2658 1062 2699 Strabo
1090 2657 1207 2698 hunc
1235 2658 1379 2697 locum
1404 2655 1611 2704 laudans,
1638 2655 1761 2705 XVI,

391 2748 436 2788 p.
471 2731 593 2772 1105.
624 2746 662 2773 c.
694 2731 824 2773 habet
854 2729 937 2778 τοὺς
970 2730 1147 2778 τεκόντας
1159 2763 1176 2784 ,
1208 2728 1328 2783 quod
1355 2726 1692 2770 Valckenaerius
1719 2727 1764 2766 in
