2020 3326
607 255 1174 302 COMMENTARIUS.
1490 261 1576 303 239

217 395 430 443 stantivis,
471 393 629 449 quibus
655 401 742 433 tarn
769 395 977 449 passivam
1011 412 1143 452 quam
1176 401 1360 442 activam
1385 406 1575 456 potesta-

218 474 300 507 tem
334 466 579 507 tribuerent.
629 465 671 505 Si
704 466 812 506 enim
844 470 995 507 (colliva
1024 477 1140 519 sunt,
1166 475 1361 528 propria
1390 472 1455 512 his
1487 472 1578 527 epi-

216 538 331 578 theta
374 539 417 578 in
458 551 661 593 personas
701 538 766 577 vel
804 552 870 578 res
912 547 1081 595 agentes
1122 545 1336 585 transferri
1377 550 1576 599 possunt3

216 612 338 651 cuius
366 611 425 650 rei
458 611 566 650 ratio
599 616 744 665 aperta
778 617 860 650 est:
894 611 955 651 sin
979 617 1197 667 passiva,
1232 630 1319 657 non
1349 616 1468 656 licet:
1507 629 1579 657 ve-

215 683 291 723 luti
332 683 376 722 in
410 682 474 722 his
514 682 716 738 exemplis
756 697 891 737 quum
923 685 1083 738 optime
1116 687 1307 728 dicatur:
1345 690 1459 734 πιστὴ
1491 689 1578 745 σιγὴ

214 753 452 810 συνειδότος,
483 761 524 794 et
554 756 667 799 πιστὴ
700 757 784 811 σιγὴ
816 756 1031 815 ἀπορρήτου
1044 792 1059 812 ,
1093 760 1316 800 transferes
1342 767 1457 801 recte
1487 761 1579 815 epi-

213 827 361 868 theton
399 828 443 868 in
478 831 613 869 πιστοῦ
644 829 730 884 σιγὴ
762 827 1000 884 συνειδότος,
1033 830 1216 872 absurde
1249 832 1292 872 in
1327 836 1458 875 πιστοῦ
1490 833 1578 889 σιγὴ

212 902 455 961 απορρήτου5
486 901 644 956 loquor
675 907 816 940 autem
851 901 904 941 de
935 901 1057 942 bonis
1084 903 1374 959 scriptoribus.
1417 905 1578 946 Intelli-

214 974 328 1029 gitur
370 973 477 1028 quid
518 973 619 1013 hinc
671 973 827 1013 distent
870 988 983 1029 quae
1025 976 1207 1016 contulit
1256 977 1312 1017 ad
1353 977 1580 1033 Sophoclis

215 1044 288 1085 Λί.
317 1044 358 1085 8.
410 1044 670 1094 Lobeckius,
712 1046 775 1086 vir
802 1046 1149 1101 incomparabilis
1179 1048 1410 1089 industriae
1443 1056 1483 1090 et
1512 1050 1579 1090 iu-

215 1116 329 1156 dicio
370 1123 491 1157 utens
540 1117 658 1157 nulla
704 1131 911 1172 umquam
953 1119 1080 1159 animi
1119 1120 1440 1174 perturbatione
1484 1135 1580 1162 cor-

215 1195 358 1245 rupto.
407 1189 620 1237 Tertium,
664 1189 783 1244 quod
824 1190 977 1236 miror,
1022 1197 1082 1230 est
1122 1190 1229 1231 haee
1261 1192 1467 1232 confundi
1500 1207 1579 1249 po-

216 1261 341 1300 tuisse
367 1259 421 1300 ab
448 1260 715 1307 Hermanno,
750 1260 826 1314 qui
851 1261 1066 1315 permulta
1092 1262 1280 1302 eiusdem
1311 1265 1473 1319 generis
1499 1278 1579 1320 op-

216 1333 314 1372 time
354 1332 654 1373 enucleaverit.
708 1331 908 1386 Superest
941 1339 987 1373 ut
1018 1333 1183 1383 dicam,
1219 1334 1581 1376 Valckenaerium

215 1403 443 1460 perpaucis
472 1403 610 1444 verbis
639 1403 889 1444 indicavisse
920 1418 1034 1459 quae
1060 1405 1230 1460 penitus
1259 1407 1548 1462 perspexisset.

278 1474 400 1515 1641.
463 1477 530 1520 τὴν
571 1475 697 1517 ἰοῦσαν
739 1476 882 1535 ἡμέραν
924 1477 1088 1533 μένουσ’.
1144 1477 1215 1518 Sic
1258 1478 1518 1534 scripserunt
1557 1494 1580 1520 e

213 1546 383 1587 duobus
404 1547 533 1587 codd.
561 1548 695 1588 secuti
716 1547 966 1588 Porsonum.
994 1546 1169 1604 Reliqui
1192 1549 1288 1590 libri
1310 1550 1486 1598 εἰςιοῦσαν
1513 1552 1579 1593 vel

214 1619 404 1661 ἐπιοῦσαν.
442 1618 528 1660 Sed
553 1620 584 1660 si
612 1634 711 1660 cum
732 1620 920 1660 Porsono
942 1627 1124 1670 statuas,
1151 1621 1279 1663 ἰοῦσαν
1305 1621 1468 1663 dictum
1493 1636 1580 1663 esse

213 1706 293 1747 pro
325 1691 500 1734 ἐπιοῦσαν
512 1727 529 1748 ,
561 1691 746 1732 obstabit
778 1691 902 1732 huius
932 1699 1140 1748 potestas:
1186 1693 1324 1734 Creon
1351 1697 1462 1734 enim
1491 1695 1579 1735 sine

215 1765 502 1805 controversia
537 1777 625 1804 non
656 1764 868 1819 significat
901 1766 1153 1805 crastinum
1183 1765 1311 1805 diem.
1355 1766 1578 1806 Praeterea

217 1836 323 1878 ἰοῦσα
354 1837 498 1898 ἡμέρα,
529 1836 608 1876 nisi
636 1835 788 1886 fallor,
818 1842 878 1876 est
904 1836 1001 1877 dc'es
1025 1837 1292 1886 decurrens,
1321 1837 1417 1878 dies
1437 1852 1578 1893 prae-

214 1923 341 1957 36ης,
367 1909 516 1958 hodie,
539 1914 585 1948 ut
610 1909 741 1968 χρόνος
762 1908 825 1949 ἰών
837 1943 855 1964 ,
882 1913 1056 1963 tempus
1072 1909 1336 1958 decurrens,
1362 1910 1577 1965 aliquan-

212 1980 283 2020 do.
317 1980 437 2032 Quae
463 1995 598 2035 quum
628 1981 688 2021 ita
719 1980 798 2020 sint
825 1994 906 2020 nec
937 1980 1234 2022 difficultatem
1262 1981 1433 2031 tollant,
1467 1996 1576 2023 non-

213 2051 317 2091 dum
342 2052 562 2106 explorata
590 2058 650 2091 est
678 2065 775 2092 vera
804 2052 945 2092 lectio.
981 2052 1082 2092 Mihi
1110 2053 1275 2094 videtur
1300 2054 1459 2108 requiri
1485 2055 1578 2109 epi-

214 2122 361 2163 theton
389 2122 493 2172 diei,
527 2122 647 2177 quod
674 2123 866 2163 futurum
891 2124 1139 2179 coniugium
1164 2125 1230 2165 vel
1255 2124 1407 2174 finem,
1433 2125 1576 2173 ἐκπλή-

212 2210 353 2254 ρωσιν,
394 2195 644 2250 virginitatis
685 2200 874 2250 spectet,
922 2195 1053 2235 veluti
1091 2198 1158 2241 τὴν
1191 2196 1371 2239 τελοῦσαν
1401 2199 1575 2259 ἡμέραν,

212 2267 277 2307 vel
308 2266 478 2315 melius,
509 2265 629 2321 quod
660 2266 870 2306 acutiores
899 2273 1140 2322 reperturos
1167 2282 1308 2324 spero.
1341 2270 1436 2310 Alia
1465 2272 1574 2312 ratio

215 2345 300 2388 est,
342 2345 389 2378 ut
430 2337 646 2378 incidatur
674 2344 770 2393 post
801 2339 971 2398 ἡμέραν)
1012 2353 1063 2380 ac
1093 2354 1236 2380 versus
1270 2339 1392 2382 1642.
1425 2356 1503 2398 per
1531 2357 1574 2384 se

216 2416 319 2459 stet,
344 2410 483 2465 sitque
509 2409 663 2449 horum
687 2424 883 2451 versuum
910 2412 1135 2452 sententia:
1165 2412 1226 2453 Tu
1252 2427 1372 2453 nunc
1395 2415 1574 2469 quidem

216 2482 338 2523 domi
372 2483 685 2538 virginitatem
729 2482 847 2532 cole,
898 2489 1166 2539 exspectans
1210 2484 1360 2540 (diem)
1405 2501 1492 2542 quo
1531 2493 1574 2529 te

212 2555 469 2608 coniugium
496 2552 740 2594 Haemonis
775 2555 992 2595 manebit:
1033 2562 1073 2596 et
1102 2556 1186 2597 hoc
1216 2557 1504 2613 praetulerim.

275 2624 396 2665 1642.
447 2626 563 2681 μενεῖ.
608 2625 798 2665 Praestat
835 2626 942 2667 haec
980 2627 1107 2668 lectio
1142 2629 1261 2668 alteri
1291 2630 1404 2686 μένει.
1447 2630 1570 2671 Anti-

212 2710 321 2753 gone
347 2710 463 2737 nunc
489 2697 664 2752 quidem
687 2696 807 2738 illum
838 2698 949 2738 diem
973 2699 1271 2755 exspectabat;
1301 2702 1400 2757 qui,
1434 2717 1570 2758 quum

210 2769 404 2810 nondum
434 2776 549 2819 erat,
580 2769 770 2811 nondum
800 2770 1000 2812 manebat
1030 2786 1136 2813 eam.
