2020 3326
468 251 553 292 244
865 249 1423 292 COMMENTARIUS.

471 388 526 427 ad
558 386 747 442 protasin
773 392 813 426 et
843 386 1051 441 apodosin
1081 387 1125 426 in
1155 385 1238 427 hoc
1272 400 1357 426 uno
1382 400 1503 428 versu
1531 387 1663 443 idque
1687 393 1825 433 statim

470 465 566 513 post
605 458 719 497 illam
750 457 884 496 rixam
917 464 957 497 et
986 457 1342 514 indignationem:
1384 458 1544 513 optime
1573 460 1825 504 Matthiaeus

469 529 855 577 demonstraverat,
900 529 1134 569 orationem
1172 542 1417 584 suspensam
1452 544 1539 571 esse
1575 537 1615 572 et
1645 532 1825 574 interro-

468 607 658 654 gantem:
690 600 1011 655 intelligendum
1042 600 1224 656 putabat
1253 601 1308 650 τίς
1330 604 1377 643 ἄν
1397 617 1440 643 σε
1460 603 1693 662 ἓεραπέυοις
1736 605 1824 646 Ma-

466 671 562 710 lim:
605 671 672 713 ·cz'v’
704 671 751 713 ἂν
780 675 894 721 ποιοῖς
905 690 922 727 ‚-
963 686 1016 712 ne
1053 679 1218 728 repetat
1255 673 1408 713 deinde
1437 673 1671 731 Antigone,
1711 691 1825 733 quae

464 743 584 799 prius
613 744 855 784 reticuerat.
896 745 1044 785 Latine
1074 744 1215 785 dicas:
1251 762 1267 782 2>
1286 745 1393 800 quid
1421 747 1582 787 tum’'?

527 815 649 856 1691.
693 817 817 859 πεσὼν
845 819 937 858 ὅπου
969 833 1028 873 μοι
1050 818 1166 877 μοῖρα
1187 817 1355 874 κείσομαι
1375 818 1520 860 θανών.
1564 819 1741 875 Aliquot
1772 821 1824 861 li-

464 886 529 927 bri
567 887 726 929 habent
759 887 865 947 πέὸῳ
900 903 979 944 pro
1013 890 1173 945 θανών,
1214 890 1504 945 praetulitque
1531 891 1819 941 Hei-mannus,

465 959 694 1000 coniiciens
724 966 888 1012 tamen,
922 975 1067 1003 verum
1098 976 1184 1002 esse
1214 962 1353 1003 τέκνον.
1398 961 1498 1002 Mihi
1527 963 1603 1003 viri
1633 963 1821 1004 celeber-

459 1031 552 1070 rimi
582 1045 663 1072 nec
694 1032 814 1088 optio
846 1034 1011 1089 placet,
1054 1048 1135 1074 nec
1170 1034 1403 1074 correctio:
1444 1048 1544 1074 nam
1573 1034 1680 1089 quid
1710 1035 1817 1075 refe-

462 1109 584 1152 runt,
617 1110 786 1159 praeter
811 1104 914 1145 hoc:
948 1105 1097 1146 iacebo
1128 1106 1206 1146 ube·
1230 1106 1442 1146 cecidero.
1472 1105 1527 1145 At
1550 1106 1701 1160 quidni
1729 1121 1820 1148 sur-

459 1175 606 1229 geret?
647 1175 747 1216 Mihi
783 1176 867 1217 hoc
904 1178 1117 1217 comicum
1143 1178 1275 1233 magis
1307 1191 1439 1232 quam
1466 1177 1674 1233 tragicum
1702 1178 1820 1219 vide-

462 1253 544 1286 tur.
589 1246 733 1298 Quum
764 1255 906 1289 autem
936 1251 1060 1291 πεσών
1089 1249 1206 1289 haud
1242 1248 1370 1289 dubie
1401 1248 1454 1288 de
1483 1248 1712 1289 offensione
1742 1263 1820 1305 pe·

462 1316 525 1357 dis
554 1331 605 1357 ac
637 1332 737 1359 vero
772 1333 872 1359 casu
901 1320 1064 1361 dictum
1094 1320 1167 1369 sit,
1202 1320 1257 1360 ad
1286 1334 1335 1360 ea
1366 1334 1478 1375 quae
1509 1321 1671 1376 rogavit
1697 1320 1820 1361 Anti-

458 1402 569 1443 gone
594 1388 677 1430 1100
703 1404 931 1445 reponsum
961 1392 1167 1447 quadrat:
1199 1392 1276 1432 ube·
1299 1392 1517 1440 cecidero,
1546 1392 1612 1432 z'bc'
1631 1395 1815 1432 moriar.

458 1460 612 1515 Itaque
632 1475 730 1502 cum
749 1465 863 1522 μοῖρα
878 1464 1022 1503 malim
1039 1464 1212 1519 iungere
1228 1463 1487 1503 intellectum
1503 1464 1669 1519 πίπτειν,
1683 1478 1815 1520 quam

451 1534 642 1578 ἓνήσκεινε
672 1536 826 1575 etenim
857 1549 1044 1576 summae
1080 1535 1386 1591 desperationis
1414 1541 1492 1575 est:
1532 1537 1817 1592 »progrediar

451 1619 606 1646 caecus
631 1605 768 1647 donec
795 1607 954 1648 offenso
983 1606 1093 1662 pede
1124 1607 1300 1657 cadam;
1338 1620 1426 1662 quo
1454 1607 1551 1648 loco
1585 1608 1806 1658 cecidero,

450 1676 507 1717 ibi
537 1677 639 1717 mihi
674 1691 723 1718 ex
754 1679 842 1719 fato
871 1679 1145 1719 moriundum
1177 1693 1262 1719 esse
1293 1678 1507 1718 credam.”

517 1748 639 1789 1693.
693 1751 730 1791 ἓν
759 1748 867 1811 ἦμάρ
900 1752 940 1808 μ’
964 1749 1116 1806 (amad,
1158 1749 1195 1792 ἓν
1228 1749 1264 1791 δ’
1289 1750 1502 1792 ἀπώλεσεν.
1555 1750 1637 1791 Pro
1667 1758 1810 1807 poste-

453 1820 565 1860 riore
589 1823 625 1862 ἕν
653 1821 909 1864 Scholiastes
934 1824 1033 1879 legit
1059 1822 1140 1868 ἠδ’.
1175 1823 1269 1862 Non
1298 1821 1447 1862 dubito
1472 1822 1578 1878 quin
1602 1822 1709 1864 haec
1734 1837 1812 1865 an-

456 1892 578 1947 tiqua
608 1893 734 1933 lectio
766 1902 858 1935 orta
889 1896 938 1936 sit
969 1910 1018 1936 ex
1048 1894 1367 1950 QABICENA‚
1409 1895 1452 1934 in
1482 1908 1570 1949 quo
1604 1910 1738 1950 quum
1767 1897 1809 1939 N

453 1971 494 2004 et
525 1965 591 2020 H,
626 1972 671 2006 ut
705 1980 830 2022 saepe
862 1968 1021 2008 factum
1052 1975 1136 2019 est,
1171 1967 1452 2008 confunderet
1482 1967 1698 2017 librarius,
1732 1969 1811 2009 ha-

456 2035 549 2077 buit
578 2037 613 2079 E
646 2052 724 2093 pro
749 2045 962 2094 postrema
990 2039 1107 2081 verbi
1138 2040 1283 2090 litera,
1325 2039 1591 2094 eandemque
1621 2047 1693 2080 aut
1722 2041 1813 2096 ipse

455 2115 528 2149 aut
556 2123 736 2165 sequens
767 2110 1003 2165 descriptor
1033 2112 1152 2151 elisit.
1191 2111 1362 2151 Notavit
1390 2111 1599 2151 Porsonus
1623 2111 1813 2154 Valcke-

458 2181 589 2220 naerii
617 2195 822 2231 errorem,
853 2183 928 2236 qui
958 2182 1229 2223 Homericum
1253 2180 1322 2227 ἡδὲ
1345 2182 1523 2238 Tragico
1548 2196 1635 2223 non
1661 2183 1812 2225 obtru-

452 2252 641 2293 dendum
672 2267 757 2293 esse
787 2255 1032 2294 monuisset:
1070 2254 1115 2294 in
1145 2268 1233 2310 quo
1265 2255 1388 2294 nimis
1420 2255 1567 2310 pressit
1596 2255 1703 2295 illud
1735 2256 1807 2296 ob-

453 2324 656 2364 lrzcdere:
691 2325 857 2381 Tragici
884 2326 993 2366 enim
1024 2326 1159 2366 rarius
1189 2332 1366 2365 utuntur
1390 2326 1462 2365 illa
1486 2327 1712 2381 particula.
1741 2327 1810 2373 ἡδὲ

453 2409 503 2435 ca
541 2397 717 2452 copulat
750 2411 863 2452 quae
902 2398 1086 2438 eiusdem
1123 2397 1286 2453 generis
1329 2398 1393 2438 vel
1430 2398 1616 2438 ciusdem
1656 2400 1809 2454 speciei

455 2474 570 2517 sunt,
600 2482 686 2509 non
710 2483 822 2523 quae
845 2469 1064 2519 differunt,
1092 2476 1137 2509 ut
1164 2483 1346 2509 servare
1368 2475 1409 2508 et
1427 2469 1631 2524 perdere.
1661 2471 1720 2510 De
1738 2485 1810 2511 ex—

451 2539 681 2593 plicatione
706 2554 851 2582 vereor
872 2555 924 2581 ne
941 2541 1041 2581 mihi
1059 2541 1388 2581 dissentiendum
1411 2542 1460 2581 sit
1480 2555 1578 2581 cum
1594 2541 1807 2597 Interpre-

455 2610 583 2659 tibus‚
615 2613 689 2666 qui
716 2613 774 2653 sic
800 2613 1033 2668 intelligere
1058 2613 1276 2661 videntur,
1307 2619 1352 2652 ut
1378 2627 1463 2653 una
1486 2613 1574 2653 dies
1596 2612 1808 2668 Oedipum

456 2681 640 2722 beavisse
673 2690 712 2723 ct
740 2685 972 2739 perdidisse
998 2685 1188 2725 dicatur:
1222 2691 1261 2724 et
1293 2684 1546 2725 Scholiastes
1572 2684 1689 2724 haud
1715 2698 1806 2723 ma-

454 2753 492 2792 le
522 2767 572 2794 co
601 2755 727 2795 refert
761 2755 967 2796 incestum
997 2755 1175 2810 Oedipi,
1222 2755 1334 2795 unde
1368 2755 1532 2808 reliqua
1567 2755 1677 2794 mala
1711 2761 1803 2795 orta
