2020 3326
583 225 1145 269 COMMENTARIUS.
1476 224 1551 263 1:35

176 367 237 408 cri
280 381 403 408 sensu
451 366 633 407 ductum
677 365 817 415 fuisse.
881 364 1022 404 Nihilo
1064 365 1198 420 magis
1238 370 1379 404 tamen
1411 368 1551 402 totum

175 454 342 480 versum
375 445 642 495 expunctum
678 437 827 486 velim;
867 437 1060 491 suspicor
1095 437 1208 476 enim
1237 435 1376 478 verbis
1407 433 1548 495 φιλότι-

176 529 246 569 μος
287 510 332 553 δὲ
373 511 420 553 σύ
465 511 567 551 olim
605 509 849 565 suppletam
897 522 984 548 esse
1036 509 1238 548 lacunam
1283 509 1327 548 in
1365 507 1546 555 codice,

176 583 291 624 unde
335 597 433 625 vera
475 578 631 621 Poetae
673 579 804 620 verba
840 581 1122 620 evanuissent.
1177 580 1294 620 Haec
1333 591 1551 636 quaenam

177 655 360 703 suerint,
399 655 564 694 incerta
597 652 803 693 divinatio
837 658 912 692 est.
962 651 1275 707 Exspectabam
1305 649 1550 691 huiusmodi

175 739 340 768 versus:

384 796 554 856 ὀλέθριος
587 793 647 855 ἆρ’
681 795 699 836 ὁ
736 795 893 844 πλοῦτος
908 831 924 851 ‚
956 795 994 837 ὃν
1028 798 1154 845 ζητεῖς
1186 799 1285 853 ἔχειν
1298 832 1313 851 9

382 874 581 925 γενήσεται
613 866 836 922 Θήβαισιν,
871 867 1048 928 ὀδυνηρὸς
1080 867 1124 910 δὲ
1155 870 1228 910 σοι’.

176 942 294 982 Haec
336 942 497 997 scripta
536 941 662 981 fuisse
702 935 899 995 profecto
929 955 1018 981 non
1048 941 1283 981 contendo:
1320 939 1394 980 sed
1420 939 1555 980 nolim

177 1013 296 1053 credi
337 1013 508 1053 latuisse
548 1026 615 1052 me
652 1010 709 1053 σοι’
744 1012 788 1052 in
831 1013 1047 1067 sequentis
1086 1026 1229 1053 versus
1257 1012 1402 1052 initio:
1452 1011 1554 1051 talia

178 1086 334 1141 legenti
371 1085 548 1125 molesta
580 1085 686 1134 sint,
730 1085 774 1124 in
807 1084 975 1139 agendo
1009 1090 1284 1125 evanescunt.
1336 1083 1556 1123 Sententia

177 1163 343 1206 autem,
379 1171 513 1212 quam
543 1156 671 1205 finxi,
716 1156 795 1196 nisi
826 1157 977 1204 fallor,
1020 1169 1069 1196 ea
1102 1162 1161 1196 est
1193 1169 1327 1211 quam
1356 1155 1448 1195 iure
1479 1154 1556 1194 ha-

176 1228 277 1269 beas
307 1242 388 1284 pro
419 1241 583 1268 summa
614 1227 818 1267 orationis
849 1227 1057 1267 locastae.

236 1301 335 1343 575.
384 1302 550 1361 τρόπαια
583 1303 664 1347 πῶς
698 1300 926 1348 ἀναστήσεις
959 1297 1097 1359 ὃορός5
1140 1299 1409 1339 Hermannus
1440 1297 1555 1353 opti-

179 1386 247 1412 me
277 1372 513 1413 vindicavit
540 1373 769 1419 ἀναστήσεις
797 1386 821 1412 a
850 1371 1027 1411 Porsoni
1058 1371 1324 1412 correctione
1351 1373 1430 1430 ἄρα
1462 1375 1557 1416 στή-

180 1460 271 1492 σεις.
326 1444 528 1484 Maiorem
568 1444 612 1485 in
654 1443 739 1484 hoc
775 1444 873 1483 loco
908 1442 1111 1483 affectum
1144 1442 1275 1483 habet
1310 1443 1561 1492 αναστγῖσειςε

181 1532 242 1557 (ιη
269 1531 361 1557 non
390 1516 584 1556 desistes
612 1518 662 1556 z'n
692 1515 839 1555 media
870 1517 1092 1556 erectione
1118 1517 1321 1570 tropaei,
1351 1517 1560 1572 cogitans

182 1594 224 1628 te
277 1588 331 1628 de
363 1587 529 1642 fratre
570 1586 893 1642 triumphare?
949 1587 1101 1627 eodem
1150 1587 1334 1642 pertinet
1378 1601 1561 1643 sequens

181 1660 359 1720 γράψεις.

240 1732 340 1773 577.
391 1730 455 1772 καὶ
489 1730 615 1772 σκῦλα
649 1730 809 1790 γράψεις
853 1730 934 1772 κτέ.
991 1730 1331 1773 Valckenaerius
1368 1730 1422 1770 de
1460 1744 1564 1772 con-

182 1804 348 1843 iectura
384 1803 554 1859 scripsit
596 1803 672 1851 κείς
715 1802 872 1858 σκῦλα,
917 1801 1040 1857 quod
1070 1802 1192 1841 multi
1232 1802 1418 1858 amplexi
1447 1809 1559 1842 sunt.

183 1875 453 1914 Hermannus
479 1888 579 1916 vero
607 1875 874 1930 comparavit
907 1873 1066 1914 Troad.
1097 1887 1157 1915 vs.
1180 1872 1304 1914 1188.
1333 1874 1376 1915 τί
1398 1875 1469 1915 καί
1494 1890 1564 1916 πο-

187 1961 226 1987 τε
268 1945 447 2005 γράψειεν
489 1949 535 1987 ἄν
577 1962 620 1987 σε
662 1946 882 2002 μουσοποιὸς
924 1945 961 1987 ἐν
1003 1948 1140 2004 τάφῳ·
1188 1945 1250 1986 τὸν
1294 1945 1421 1987 παῖδα
1462 1945 1566 1988 τόνδ’

187 2019 351 2059 ἔκτειναν
382 2015 546 2076 Ἀργεῖοι
581 2017 669 2060 mei:
729 2019 800 2058 cui
831 2018 1036 2073 praetulit
1076 2017 1273 2057 Klotzius
1303 2018 1482 2058 allatum
1511 2017 1566 2059 ab

187 2088 421 2129 Schaefero
446 2089 599 2145 Iplzz‘g.
625 2088 731 2129 Αιιί.
755 2090 824 2129 35.
856 2088 988 2131 δέλτον
1021 2091 1198 2148 γράφειςε
1227 2089 1371 2128 nescio
1399 2103 1454 2129 an
1478 2103 1568 2131 non

187 2165 326 2199 recte:
359 2174 458 2199 nam
486 2159 595 2214 quid
620 2160 842 2214 peculiare
873 2167 932 2200 est
963 2161 1006 2200 in
1034 2159 1166 2202 δέλτον
1197 2163 1382 2219 γράφειν,
1415 2161 1479 2202 vel
1504 2160 1568 2216 βι-

192 2229 297 2285 βλίον
310 2266 327 2287 ,
359 2232 426 2273 vet
456 2230 681 2277 ἐπιστολήνῗ)
708 2245 851 2287 neque
877 2231 964 2272 huc
987 2232 1173 2288 pertinet
1198 2233 1379 2272 latinum
1402 2235 1569 2275 inseres-

192 2304 312 2353 bere,
348 2302 472 2358 quod
503 2303 685 2343 contulit
716 2303 927 2343 Klotzius.
978 2302 1238 2343 Accuratius
1270 2303 1570 2346 admovebitur

189 2390 240 2415 cx
282 2374 582 2430 Aristophanis
630 2374 799 2414 leesm.
841 2372 939 2417 770.
989 2375 1061 2424 τὰς
1104 2374 1261 2423 πλάτας
1302 2378 1460 2435 ’γράφων
1471 2412 1489 2432 ,
1530 2385 1571 2419 et

191 2447 325 2502 paulo
356 2453 453 2502 post
492 2446 738 2503 τάγάλματα
770 2449 930 2506 γράφων
958 2472 1036 2487 -.
1079 2447 1242 2490 Verum
1282 2447 1457 2505 indigne
1487 2450 1567 2490 fert

195 2518 364 2558 Iocasta
406 2519 558 2573 spolia
594 2525 861 2574 reportatum
901 2519 952 2559 iri
984 2518 1038 2559 ab
1073 2518 1246 2560 Graecis
1288 2520 1342 2560 de
1372 2519 1567 2563 Graecis:

197 2589 344 2644 itaque
384 2589 513 2630 dicit:
558 2590 780 2646 quomodo
822 2590 875 2631 de
918 2591 1063 2645 spoliis
1099 2590 1285 2632 scribere
1316 2594 1476 2646 poteris
1511 2594 1574 2650 (in

201 2660 424 2717 tropaeo):
470 2662 550 2702 lios
582 2663 764 2717 clypeos
812 2662 856 2715 (i.
883 2676 920 2702 e.
953 2663 1063 2703 haee
1093 2662 1262 2719 spolia)
1303 2662 1570 2719 Polynices,

201 2731 395 2787 direptis
438 2733 611 2783 Thebis,
655 2734 769 2774 Deis
808 2734 1124 2775 consecrat-il?
1173 2734 1222 2774 In
1255 2736 1574 2778 constructione
