2020 3326
421 240 507 282 218
829 238 1385 280 COMMENTARIUS.

416 392 502 433 que
533 378 602 417 hic
631 376 814 417 correxit
841 376 1020 434 σπερχνοὶ
1050 387 1130 429 pro
1161 374 1326 433 στέρνα,
1357 375 1478 430 quod
1504 380 1780 419 commenda2

415 449 499 488 bile
526 455 583 488 est
613 447 816 487 facilitate
843 445 1064 493 mutandi,
1098 446 1305 485 sententia
1330 459 1416 486 non
1436 447 1560 496 item,
1587 462 1667 488 nec
1694 450 1779 489 for-

415 534 506 559 ma:
542 519 649 558 haec
680 518 792 557 enim
822 517 1068 557 insolentior
1093 523 1179 566 est,
1210 517 1284 557 illa
1307 531 1454 558 vereor
1483 525 1528 558 ut
1555 521 1780 561 conveniat

414 593 456 630 in
488 590 633 629 subito
662 592 844 644 impetu.
889 587 973 628 Sed
1004 588 1286 643 amplecterer
1318 589 1520 634 fortasse,
1553 591 1583 630 si
1614 591 1780 646 reliqua

412 675 498 701 non
527 661 786 700 laborarent.
839 660 978 700 Mirati
1008 666 1105 700 sunt
1135 660 1329 707 nonnulli
1362 661 1601 712 Eteoelem,
1644 678 1780 717 quum

412 733 551 772 fratris
590 731 816 772 humerum
852 732 1065 772 nudatum
1096 731 1266 781 videat,
1309 732 1396 772 eius
1427 739 1578 788 pectus
1608 740 1775 789 petere:

411 803 463 842 de
493 817 582 857 quo
611 803 827 842 Klotzius:
864 802 940 842 »id
967 809 1082 842 recte
1112 803 1198 842 iam
1227 803 1302 843 iste
1333 803 1572 844 Scholiasta.
1603 804 1778 860 expedi-

411 876 495 923 vit,
532 875 607 929 qui
636 874 882 930 adscripsit:
917 874 996 916 ἀπὸ
1028 878 1093 916 τοῦ
1124 879 1227 930 ὤμου
1260 874 1324 916 καὶ
1355 877 1405 916 τὰ
1436 878 1573 935 στέρνα
1605 879 1683 919 νοεῖ
1706 894 1780 934 γυ-

411 946 613 1003 μνούμενα.
669 947 834 986 Etenim
877 960 1012 1001 quum
1047 946 1273 986 humerum
1305 947 1445 987 fratris
1477 948 1688 988 nudatum
1716 949 1779 989 vi-

412 1017 554 1066 deret,
599 1023 795 1072 apertum
825 1031 926 1057 suae
956 1017 1102 1057 hastae
1134 1018 1214 1057 iter
1244 1031 1321 1073 per
1350 1032 1447 1058 eum
1478 1018 1623 1059 locum
1654 1019 1781 1059 etiam

413 1088 468 1127 ad
500 1095 653 1144 pectus
684 1089 853 1142 putavit
885 1088 1078 1128 Eteocles
1110 1089 1220 1128 cet.’‘
1265 1089 1456 1129 Minime:
1497 1103 1585 1130 non
1617 1096 1778 1145 »puta-

410 1160 502 1200 vit'’
545 1160 759 1208 Eteocles,
807 1159 880 1199 sed
911 1159 1165 1200 Scholiasta.
1222 1160 1332 1200 Nam
1365 1161 1550 1215 primum
1576 1161 1621 1201 in
1653 1160 1780 1201 huius

410 1230 548 1271 verbis
588 1244 668 1286 pro
714 1233 792 1271 νοεῖ
830 1237 995 1270 mutato
1037 1238 1221 1271 accentu
1269 1231 1543 1272 scribendum
1584 1239 1644 1272 est
1683 1234 1776 1288 νόει,

411 1301 533 1355 quod
558 1315 676 1341 more
701 1302 872 1341 illorum
897 1301 1118 1341 hominum
1147 1302 1305 1342 dicitur
1329 1303 1386 1342 ad
1412 1304 1635 1354 lectorem;
1661 1304 1778 1344 hunc

411 1373 523 1412 enim
558 1371 714 1412 debere
753 1378 908 1426 putare
952 1373 1002 1429 (si
1033 1373 1182 1428 possit)
1228 1373 1477 1428 Euripidem
1513 1381 1664 1429 pectus
1697 1375 1777 1415 hu-

408 1444 511 1483 meri
533 1443 704 1483 nomine
728 1443 1121 1498 comprehendisse:
1155 1443 1225 1483 off.
1256 1444 1312 1483 ad
1335 1443 1433 1484 249.
1465 1444 1613 1484 Matth.
1644 1445 1686 1486 τὸ
1717 1444 1778 1488 ὧν

411 1515 625 1571 μέτεστί
649 1531 729 1570 μοι
763 1512 909 1562 ὃιπλῶς
929 1515 1089 1569 vomam),
1120 1515 1221 1554 item
1239 1514 1294 1554 ad
1318 1513 1417 1555 281.
1436 1514 1536 1555 539.
1564 1522 1604 1555 et
1623 1530 1773 1571 porro:

411 1588 455 1626 in
484 1586 736 1640 imperativo
770 1586 826 1625 ad
859 1587 961 1626 222.
1004 1586 1046 1627 τὸ
1080 1585 1174 1627 αὐτὸ
1205 1583 1249 1626 δὲ
1281 1587 1350 1627 νόει
1382 1585 1446 1626 καὶ
1477 1585 1563 1645 περὶ
1596 1587 1683 1628 κτλ.
1724 1588 1778 1628 de

412 1658 496 1698 hoc
527 1671 605 1697 usu
631 1657 742 1698 valet
774 1657 921 1697 Schol.
955 1658 1011 1698 ad
1039 1656 1140 1698 283.
1178 1657 1241 1698 καὶ
1274 1658 1391 1717 μυρία
1423 1658 1469 1699 ἂν
1500 1663 1656 1700 τοιαῦτα
1688 1675 1776 1700 σκο-

413 1734 495 1770 πῶν
535 1727 713 1788 εὑρήσεις.
758 1753 822 1779 —v
863 1729 1056 1769 Eteocles
1100 1735 1242 1769 autem
1283 1736 1437 1785 putare
1480 1743 1568 1770 non
1609 1737 1777 1785 poterat

412 1801 558 1841 hastae
598 1814 698 1840 suae
734 1800 814 1839 iter
848 1799 937 1840 fore
969 1813 1047 1855 per
1076 1799 1303 1840 humerum
1346 1800 1401 1839 ad
1429 1807 1581 1855 pectus
1611 1802 1773 1850 fratris,

411 1873 489 1912 nisi
525 1886 575 1912 ex
613 1871 726 1912 edito
756 1871 854 1911 loco
886 1877 959 1910 aut
986 1871 1030 1911 in
1059 1884 1221 1911 nanum
1250 1870 1524 1911 iacularetur.
1569 1872 1776 1912 Neutrum

413 1943 578 1983 admitti
621 1948 776 1998 potest.
844 1942 998 1996 Itaque
1042 1942 1163 1997 petiit
1207 1955 1300 1981 eam
1346 1943 1539 1997 corporis
1585 1949 1777 1998 partem,

411 2028 525 2069 quae
556 2014 711 2068 clypeo
742 2019 855 2053 tecta
885 2021 998 2062 erat,
1040 2026 1223 2067 eamque
1251 2012 1307 2052 ob
1341 2026 1534 2063 causam,
1571 2014 1777 2068 quoniam

412 2085 612 2125 humerus
661 2084 803 2124 nudus
844 2090 955 2123 erat:
1018 2089 1146 2123 restat
1191 2089 1264 2123 aut
1305 2084 1520 2124 insaniisse
1560 2085 1776 2125 Eteoelem

414 2163 486 2196 aut
517 2155 739 2195 mentitum
772 2169 857 2194 esse
887 2155 1101 2195 nuntium.
1154 2154 1243 2210 Ego
1275 2169 1392 2195 nunc
1424 2155 1468 2195 in
1501 2155 1565 2195 his
1595 2155 1777 2196 tenebris

412 2227 627 2282 Euripidis
662 2233 702 2266 et
733 2226 1021 2280 Interpretum
1053 2225 1158 2265 nihil
1189 2225 1338 2274 video,
1381 2225 1627 2281 abiicioque
1657 2227 1778 2281 quod

414 2298 600 2353 primum
626 2297 884 2353 excogitavi3
911 2297 1110 2337 nimirum
1139 2297 1269 2356 τέρενα
1291 2297 1538 2345 Πολυνείκους
1558 2299 1672 2357 χρόα.
1708 2298 1778 2337 Sic

416 2375 559 2408 autem
584 2368 895 2408 ratiocinabar:
927 2367 1048 2427 ῥήσεις
1071 2367 1271 2424 αγγελικαὶ
1297 2369 1553 2423 plerumque
1578 2383 1628 2408 ex
1653 2368 1778 2424 epico

415 2453 605 2479 sermone
640 2438 805 2493 aliquid
845 2440 1089 2480 sumebant:
1132 2453 1220 2480 non
1255 2440 1409 2479 mirum
1437 2440 1565 2495 igitur
1597 2446 1656 2479 est
1702 2439 1777 2478 de-

417 2510 691 2564 scriptionem
727 2524 899 2565 pugnae
938 2510 1185 2566 singulariS‚
1228 2510 1377 2565 quales
1414 2511 1573 2550 multae
1608 2515 1704 2549 sunt
1735 2509 1778 2548 in

419 2580 574 2629 Iliade,
614 2580 780 2634 aliquid
809 2581 1021 2621 Homerici
1052 2581 1206 2620 coloris
1238 2581 1516 2630 contraxisse3
1549 2586 1781 2635 postquam

422 2657 561 2690 autem
602 2652 813 2709 ἓειςτερευα
858 2652 966 2691 male
1010 2652 1167 2692 lectum
1208 2658 1334 2699 esset,
1386 2651 1574 2705 indeque
1618 2651 1778 2689 factum

421 2719 502 2768 θεὶς
533 2723 697 2781 στέρνα,
741 2723 793 2762 de
838 2723 1043 2764 industria
1084 2724 1185 2781 χρόα
1225 2729 1436 2763 mutatum
1477 2735 1560 2761 esse
1601 2722 1642 2760 in
1679 2717 1780 2774 βία,
