2020 3326
448 266 527 309 176
845 262 1407 304 COMMENTARIUS.

445 401 765 457 aperiebantur⁷
793 396 1027 437 orientibus
1051 396 1380 437 claudebantur.
1407 397 1514 437 Item
1530 398 1573 437 in
1596 412 1644 438 eo
1668 399 1810 454 lapsus

445 479 504 513 est
531 471 650 526 quod
672 468 863 523 βλέποντα
894 471 1053 524 ὄμματα
1080 468 1261 522 putabat
1285 482 1372 508 esse
1393 468 1614 508 videntem
1641 469 1804 518 oculis,

446 543 551 597 quin
582 541 817 581 necessario
850 540 933 580 hoc
965 540 1177 594 scripsisse
1207 539 1478 594 Euripidem,
1518 546 1558 579 et
1585 539 1808 579 conferen-

443 614 545 653 dum
587 626 672 652 esse
716 626 764 651 cx
791 611 949 651 ,Medea
986 609 1111 650 1169.
1158 611 1346 669 τρέμουσα
1377 610 1485 652 κῶλα
1530 610 1734 664 »aliaque
1763 609 1809 649 id

853 688 893 722 et
931 688 1071 721 tamen
1114 681 1341 736 oportebat
1371 682 1550 721 retinere
1583 681 1810 721 discrimen

785 683 808 698 Η

443 697 575 739 genus
614 683 773 723 multa:

443 756 552 795 inter
578 754 754 794 verbum
777 760 975 793 neutrum
997 753 1141 811 τρέμειν
1166 759 1206 792 et
1229 751 1405 793 verbum
1432 753 1694 793 transitivum
1717 749 1809 805 βλέ-

444 842 539 881 πειν,
573 826 702 880 quale
730 825 907 880 requirit
932 825 1047 864 iuxta
1073 824 1258 879 positum
1284 824 1518 883 κρύπτοντα,
1540 831 1630 863 tum
1651 827 1810 880 ὄμματα

442 911 558 938 1111110
590 911 677 937 11011
720 896 980 936 abstractum
1021 909 1107 935 esse
1148 895 1409 950 (visionem,
1446 894 1689 951 spectum),
1738 894 1811 934 sed

445 970 558 1025 ipsos
587 968 754 1015 oculos,
783 967 956 1008 videndi
979 967 1272 1007 instrumenta.
1294 966 1554 1021 Hartungius
1577 965 1811 1021 (Euripid-

445 1043 590 1082 restit.
621 1040 677 1079 Π.
711 1055 756 1094 p.
783 1037 904 1092 460.)
945 1038 1087 1078 omnia
1118 1038 1247 1093 plana
1279 1037 1370 1077 fore
1401 1037 1604 1092 spondet,
1638 1043 1811 1091 recepta

444 1113 650 1159 lectione,
696 1111 739 1150 in
769 1110 934 1150 scholio
968 1109 1131 1149 codicis
1160 1108 1339 1163 August.
1373 1109 1554 1157 latente,
1594 1108 1811 1162 πίπτοντα,

444 1197 526 1240 pro
553 1184 670 1238 vulg.
701 1183 933 1241 κρύπτοντα.
981 1180 1097 1232 Quid
1123 1180 1259 1222 πίπτον
1292 1183 1398 1236 ὄμμα
1429 1179 1479 1219 sit
1510 1179 1599 1218 eius
1624 1179 1700 1234 qui
1725 1192 1813 1218 non

447 1270 532 1295 una
564 1268 661 1294 cum
692 1254 819 1293 stellis
849 1253 1001 1302 cadat,
1036 1265 1124 1292 non
1156 1251 1384 1306 explicuit,
1419 1263 1562 1304 neque
1592 1250 1811 1306 explicue-

445 1333 510 1367 rat
536 1326 890 1369 Valckenaerius:
920 1323 1173 1380 praetuleris
1200 1324 1346 1363 saltem
1372 1323 1530 1379 μύοντα.
1568 1321 1651 1361 Sed
1677 1335 1813 1376 quum

447 1397 709 1452 Hartungius
748 1410 847 1435 cum
887 1395 977 1434 aliis
1016 1394 1319 1448 interpretibus
1359 1398 1518 1450 ὄμματα
1545 1392 1702 1433 habeat
1733 1406 1812 1448 pro

448 1468 730 1516 nominativo,
768 1466 1129 1508 constructionem
1156 1465 1263 1505 iusto
1288 1466 1600 1520 impeditiorem
1630 1463 1810 1503 admisit.

448 1540 632 1580 Omnino
663 1538 896 1593 requiritur
928 1544 973 1577 ut
1004 1540 1161 1593 ὄμματα
1192 1537 1241 1576 sit
1271 1536 1537 1577 accusativus
1567 1534 1758 1589 pendens
1790 1548 1814 1574 a

449 1612 663 1670 κρύπτοντα
704 1616 744 1649 et
785 1622 808 1648 a
841 1608 1072 1663 participio
1113 1608 1284 1647 alterius
1324 1607 1463 1656 verbi,
1510 1607 1630 1647 cuius
1670 1606 1813 1645 locum

447 1681 678 1737 occupavit
715 1678 929 1734 βλέπωνται
975 1678 1096 1733 quod
1132 1679 1326 1734 suspicor
1361 1678 1486 1718 fuisse
1527 1678 1705 1733 οἵγοντα,
1751 1677 1812 1717 vel

449 1752 671 1807 δεικνύντα,
714 1752 779 1791 vel
826 1750 944 1791 aliud
992 1749 1141 1790 eadem
1191 1749 1411 1789 sententia.
1473 1749 1526 1789 Ut
1569 1748 1809 1789 absolvam:

449 1833 618 1880 apertos
652 1822 840 1863 habebat
869 1822 1064 1876 Panopta
1092 1821 1245 1860 oculos
1275 1821 1503 1868 orientem,
1539 1820 1705 1860 clausos
1738 1832 1814 1859 oc-

450 1911 596 1936 casum
627 1900 887 1950 spectantes:
929 1892 1062 1946 idque
1094 1905 1180 1931 uno
1217 1891 1418 1945 temporis
1448 1897 1686 1938 momento,
1724 1903 1812 1944 quo

449 1967 675 2008 caelatoris
704 1980 769 2005 ars
799 1963 1121 2004 terminabatur.
1163 1961 1463 2018 Supplendum
1491 1960 1814 2016 relinquebatur

448 2041 556 2081 haec
585 2038 677 2079 fieri
709 2036 949 2078 secundum
980 2035 1086 2075 coeli
1120 2034 1461 2081 conversionem,
1499 2047 1550 2073 ac
1582 2032 1811 2088 significari

449 2112 599 2153 oculos
623 2111 667 2150 in
699 2115 788 2149 toto
819 2121 1001 2162 corpore
1030 2106 1132 2161 Argi
1163 2119 1330 2161 sparsos
1356 2105 1513 2160 partim
1542 2104 1727 2144 interdiu
1754 2104 1814 2144 vi-

452 2184 575 2230 dere,
617 2181 774 2236 partim
814 2185 963 2219 noctu.
1013 2178 1185 2218 Scilicet
1215 2175 1462 2217 vicissitudo
1493 2175 1561 2215 illa
1599 2174 1813 2230 significa-

450 2254 578 2294 batur
612 2252 753 2308 positu
786 2251 1011 2290 oculorum
1049 2255 1295 2304 apertorum
1326 2253 1366 2287 et
1398 2247 1642 2287 clausorum
1672 2259 1813 2287 versus

447 2325 539 2364 illas
581 2323 689 2363 coeli
724 2328 866 2376 partes
897 2319 1054 2375 quibus
1083 2318 1330 2360 vicissitudo
1362 2318 1445 2357 diei
1475 2324 1514 2357 et
1546 2317 1683 2357 noctis
1712 2330 1812 2356 cen-

445 2396 629 2437 sebatur.
678 2393 860 2434 Ulterius
890 2391 1091 2447 progredi
1123 2391 1265 2445 pictor
1306 2390 1371 2431 vel
1402 2389 1590 2429 caelator
1615 2400 1702 2427 non
1732 2400 1812 2441 po-

449 2467 545 2506 tuit.
600 2465 681 2517 Qui
728 2464 996 2503 accuratiora
1034 2461 1288 2516 requirunt,
1337 2459 1401 2500 his
1444 2458 1603 2499 suadeo
1649 2463 1695 2497 ut
1737 2456 1813 2497 hos

451 2551 593 2578 versus
632 2536 825 2579 deleant,
873 2533 993 2588 quod
1038 2532 1284 2572 faciendum
1322 2531 1487 2571 monuit
1527 2528 1733 2584 Bergkius
1771 2529 1814 2568 in

448 2608 562 2647 Diar.
589 2607 736 2661 Antiq.
774 2604 898 2645 1835.
929 2620 971 2658 p.
993 2603 1093 2644 964.
1132 2603 1316 2645 Videant
1345 2608 1486 2642 autem
1513 2613 1565 2639 ne
1589 2599 1693 2638 alios
1718 2612 1811 2639 ver-

449 2692 515 2718 sus
536 2692 615 2732 pro
642 2676 866 2732 expunctis
892 2675 1092 2715 fabricari
1119 2679 1329 2728 oporteat.
1359 2671 1454 2711 Non
1474 2670 1585 2710 enim
1610 2669 1812 2709 credibile

448 2756 533 2797 est,
580 2749 621 2789 111
659 2748 923 2802 reliquarum
959 2745 1296 2800 descriptionum
1333 2748 1517 2789 ornatu,
1562 2739 1722 2794 Argum
1758 2739 1812 2780 ab
