2020 3326
384 255 466 297 188
796 256 1352 297 COMMENTARIUS.

377 392 710 432 Seholiastarum
756 391 862 430 aiter
910 391 1075 430 monuit
1126 391 1243 431 hune
1289 406 1456 433 versum
1502 393 1545 435 111
1586 399 1740 438 mullis·

377 462 506 502 codd.
537 461 790 510 desiderari3
829 461 936 500 alter
968 475 1065 501 eum
1100 476 1154 502 ne
1184 463 1301 503 novit
1332 464 1522 518 quidem.
1566 466 1740 508 Retine-

374 540 442 572 tur
472 539 634 580 tamen,
668 532 874 586 queniam
908 532 950 572 111
981 532 1179 573 omnibus
1208 533 1324 574 libris
1354 542 1440 586 est,
1473 551 1583 591 quos
1613 538 1741 580 hodie

372 616 639 658 usurpamus.
693 602 736 642 Si
775 603 941 658 legisset
988 618 1086 644 eum
1128 604 1316 655 Statius,
1368 621 1457 647 11011
1501 609 1740 664 scripturus

371 680 483 723 erat,
518 673 651 714 Theb.
684 674 781 716 VII.
814 674 915 716 374.
953 673 1064 716 Cum
1089 675 1268 716 Ductor
1294 677 1348 718 ab
1374 693 1538 735 aggere
1566 684 1735 736 coepit:

370 746 661 801 Magnam'mz‘
697 745 842 802 Reges
880 752 965 786 ete.
1013 747 1087 786 Sin
1119 749 1328 803 genuinus
1369 756 1452 799 est,
1496 750 1642 811 ὑπῆρξε
1676 768 1734 795 vs,

372 816 495 857 1230.
537 817 682 856 malim
722 817 899 873 propria
932 817 1244 874 significatione
1286 821 1454 877 accipi:
1498 827 1633 877 prior
1672 826 1735 866 lo-

367 894 495 929 eutus
528 893 610 928 est.

430 960 539 1001 1236
569 974 632 1015 sq.
692 960 770 1018 ἐγὼ
803 961 882 1021 γὰρ
916 960 1030 1010 αὐτὸς
1070 985 1127 993 -·
1160 963 1276 1021 τώμῷ
1310 966 1462 1020 μα’χην.
1527 966 1734 1007 Herman-

366 1047 445 1073 nus
489 1031 631 1074 »τόνδε
661 1032 829 1075 κίνδυνον
861 1032 991 1090 μεθεὶς
1032 1033 1197 1074 dictum
1233 1041 1279 1074 ut
1323 1035 1436 1094 ῥίψας
1474 1036 1517 1076 111
1557 1036 1731 1087 Rheso,

368 1104 492 1144 154.'’
526 1105 652 1145 Hune
684 1106 827 1145 loeum
854 1097 1191 1148 Valckenaerius
1220 1106 1302 1146 iam
1331 1109 1595 1158 contulerat,
1629 1109 1733 1149 alia-

363 1190 450 1230 que
481 1176 772 1230 disputaverat
803 1176 922 1216 haud
952 1177 1193 1231 spernenda
1222 1177 1278 1217 ad
1306 1178 1347 1218 h.
1372 1179 1399 1218 1.
1434 1186 1472 1219 et
1500 1186 1647 1235 postea
1679 1181 1735 1221 ad

363 1247 520 1286 Herod.
549 1246 645 1287 VII.
672 1247 742 1288 50.
778 1248 877 1288 Mihi
902 1262 1002 1289 vero
1033 1249 1327 1303 interpretatio
1357 1251 1549 1291 nondum
1581 1253 1731 1308 explo-

365 1325 456 1358 rata
498 1318 682 1358 videtur.
732 1318 793 1358 Sit
829 1320 928 1359 lieet
966 1319 1134 1378 ῥίπτειν,
1177 1321 1265 1369 vel,
1307 1322 1428 1376 quod
1462 1323 1728 1377 frequentius

366 1390 655 1430 adhibuerunt
687 1390 884 1439 Veteres,
931 1391 1171 1450 ἀναρρίπτειν
1202 1390 1396 1448 κίνδυνον,
1429 1394 1627 1434 alieuius
1661 1398 1730 1435 rec'

362 1462 614 1516 perieulum
637 1461 812 1510 subire,
839 1475 925 1501 non
948 1463 1106 1518 largiar
1133 1464 1302 1518 μεθιέναι
1328 1478 1426 1504 eum
1451 1465 1591 1523 ῥίπτειν
1618 1480 1730 1505 eom—

362 1533 517 1573 mutari
547 1546 694 1588 posse,
728 1533 979 1588 priusquam
1011 1534 1345 1575 demonstratum
1376 1537 1425 1575 sit
1459 1538 1628 1592 μεθιέναι
1660 1538 1728 1578 κύ-

362 1603 429 1659 βον
469 1604 654 1644 Graecos
688 1604 753 1644 vel
784 1603 934 1644 dixisse
976 1606 1041 1646 vel
1074 1605 1216 1646 dicere
1246 1607 1455 1661 potuisse3
1498 1622 1577 1663 ego
1608 1609 1727 1649 haud

308 1719 316 1726 ,
361 1676 494 1731 magis
534 1681 663 1730 put0‚
713 1689 845 1730 quam
887 1675 1107 1716 Romanos
1150 1678 1296 1717 aleam
1333 1679 1584 1720 de'me'llere:
1629 1695 1730 1720 nam

362 1747 469 1803 quid
515 1746 713 1786 differant
758 1747 927 1802 μεθιέναι
968 1754 1008 1787 et
1048 1747 1188 1807 ῥίπτειν
1235 1762 1321 1789 11011
1365 1749 1596 1790 obscurum
1641 1758 1727 1799 est,

362 1818 719 1875 quandoquidem
761 1819 1031 1859 dimittimus
1079 1834 1192 1875 quae
1241 1821 1459 1860 voluntate
1499 1828 1539 1862 et
1584 1823 1625 1862 vi
1663 1824 1728 1863 vel

363 1891 484 1931 inerti
515 1889 708 1944 pondere
740 1903 817 1929 nos
848 1890 1079 1945 effugiunt,
1116 1891 1193 1931 nisi
1222 1892 1472 1932 retinemus:
1506 1892 1654 1948 itaque
1684 1894 1727 1934 111

364 1961 487 2016 Sept.
516 1961 579 2001 (cd
603 1961 676 2000 Th.
705 1960 772 2002 79.
824 1963 1002 2017 μεθεῖται
1045 1964 1208 2022 στρατός
1254 1962 1466 2018 significat
1502 1965 1727 2020 pugnandi

364 2032 645 2088 cupiditatem
675 2032 876 2083 militum3
909 2035 1102 2074 iacimus
1131 2048 1230 2074 vero
1258 2047 1371 2089 quae
1397 2048 1484 2074 nou
1510 2042 1661 2090 sponte
1685 2050 1727 2076 se

362 2111 531 2145 motura
558 2110 674 2152 sunt,
709 2109 749 2143 et
777 2104 890 2144 aleas
918 2105 1094 2160 quidem
1124 2119 1223 2145 cum
1248 2106 1311 2146 vi:
1345 2105 1458 2145 unde
1487 2107 1728 2167 ἀναρρίπτειν

363 2177 586 2232 proprium
626 2181 686 2214 est
725 2175 769 2215 in
805 2189 950 2216 earum
993 2191 1158 2217 sursum
1200 2177 1444 2217 iactatione.
1496 2179 1591 2219 Non
1625 2180 1726 2220 affe-

364 2262 480 2297 ram,
524 2246 596 2287 ubi
630 2247 800 2302 μεθιέναι
834 2247 997 2308 κέρδος,
1031 2255 1228 2307 πρᾶγμα,
1259 2251 1374 2296 νεῖκος
1414 2249 1606 2300 dicatur,
1652 2252 1725 2292 sed

360 2319 467 2359 haec
500 2332 549 2358 ex
582 2318 863 2368 Ilei-aelidis,
899 2334 956 2360 vs.
994 2320 1086 2360 160.
1124 2323 1176 2377 μὴ
1209 2321 1368 2381 γὰρὼς
1402 2322 1617 2377 μεθήσομεν
1648 2322 1724 2363 Δό-

362 2390 429 2440 ξης
459 2391 595 2447 ἀγῶνα
627 2389 728 2431 τόνδ’
760 2393 853 2450 ἄτερ
886 2390 1153 2447 χαλυβόικοῦ·
1191 2393 1350 2433 dieitne
1381 2392 1593 2448 Copreus:
1631 2408 1721 2434 non

357 2462 720 2515 periela'tabc'mm·
749 2467 998 2512 certamen,
1049 2477 1125 2504 an:
1165 2478 1256 2504 non
1291 2465 1540 2504 omittemus
1578 2469 1722 2505 cerla-

363 2531 493 2572 men?
528 2532 620 2572 Hoc
645 2538 926 2586 postremum,
963 2540 1009 2574 ut
1038 2534 1241 2583 arbitror,
1276 2535 1360 2575 sive
1385 2535 1605 2589 vulgatum
1635 2548 1721 2575 ser-

362 2617 449 2650 ves,
483 2603 566 2643 sive
597 2616 696 2642 cum
727 2603 1063 2654 Valekenaefio,
1096 2606 1151 2645 ad
1179 2605 1341 2646 Gallim.
1374 2605 1523 2659 fragm.
1551 2620 1594 2659 p.
1625 2605 1719 2646 156.

364 2673 551 2727 corrigas
580 2675 717 2730 ἔγχονς
747 2675 905 2730 ἀγῶναῑ
951 2674 1085 2731 idque
1127 2675 1368 2716 concedent
1404 2674 1506 2714 mihi
1536 2675 1611 2716 viri
1643 2675 1722 2715 do-

365 2744 447 2793 cti,
508 2758 773 2800 quamquam
829 2745 979 2787 Graeci
1032 2746 1233 2787 dicebant
1283 2745 1521 2805 ἀναρρίπτειν
1562 2749 1724 2802 μα’χην,
