2020 3326
393 243 475 284 124
802 241 1372 283 COMMENTARIUS.

388 380 489 420 tiam
520 379 706 419 sensisset
731 377 948 427 Klotzius,
983 391 1102 417 nunc
1132 378 1267 418 multa
1295 377 1556 432 obloquens,
1590 379 1622 419 si
1650 392 1754 420 con-

388 451 649 491 sideravisset
687 448 816 489 verba
854 448 919 489 καὶ
951 450 1004 505 μὴ
1038 447 1087 490 δι’
1119 450 1271 509 ἔχθρας
1302 475 1359 480 —-
1392 451 1536 491 παθεῖν
1571 464 1658 490 non
1690 464 1756 490 re-

386 522 483 561 ferri
525 535 548 561 a
580 520 782 574 Polynice
815 521 868 560 ad
899 527 1166 576 praesentem
1202 535 1342 562 rerum
1375 528 1555 571 statum,
1597 521 1670 561 sed
1703 521 1759 562 ad

385 607 482 632 eum
509 592 583 646 qui
615 592 781 640 fuisset,
814 592 845 631 si
874 592 917 632 in
944 591 1050 632 urbe
1081 593 1322 642 mansisset,
1356 594 1529 633 Eteocle
1559 607 1636 648 per
1667 593 1751 634 vim

381 669 608 719 regnante,
639 662 827 703 necdum
855 669 987 719 pacto
1014 664 1067 704 de
1096 664 1258 704 alterno
1285 665 1464 720 imperio
1490 665 1614 706 inito:
1639 670 1752 713 tum,

382 735 462 783 ait,
508 733 706 774 accidere
744 734 950 789 potuisset
984 741 1164 790 propter
1197 742 1393 776 mutuam
1424 743 1611 776 nostram
1644 736 1753 777 invi-

381 805 495 845 diam
528 812 574 845 ut
604 806 738 860 patris
770 805 887 846 dirae
919 813 1117 847 eventum
1149 806 1370 848 haberent.

439 875 538 917 489.
594 877 706 918 οἰκεῖν
748 875 791 919 δὲ
825 877 886 919 τὸν
920 877 1008 934 ἐμὸν
1039 879 1137 919 οἶκον
1167 879 1243 919 ἀνὰ
1277 879 1385 939 μέρος
1415 877 1564 933 λαβών.
1620 879 1752 922 Valc-

379 949 606 989 kenaerius
638 949 754 989 hunc
787 963 954 990 versum
989 951 1183 1005 spurium
1214 964 1300 990 esse
1332 950 1538 1006 putabat:
1580 950 1633 990 de
1663 964 1752 1005 quo

379 1021 664 1060 Hermannus:
701 1034 817 1060 »non
849 1035 937 1061 esse
964 1022 1242 1076 Euripideum
1275 1022 1569 1077 pronuntiavit
1605 1021 1753 1076 [immo

381 1092 508 1141 dixit,
547 1107 638 1132 non
669 1092 865 1147 vz'derc']‚
916 1107 1003 1133 non
1049 1093 1415 1142 animadvertens,
1465 1094 1495 1132 si
1531 1093 1751 1143 deleatur,

380 1163 542 1204 turbari
570 1164 887 1204 cohaerentiam
911 1164 1146 1214 dictorum,
1173 1164 1401 1205 deficiente
1430 1165 1551 1219 quod
1574 1178 1752 1219 respon-

378 1235 477 1275 deat
507 1249 752 1290 praegresso
784 1237 878 1291 μέν,
920 1250 1063 1290 neque
1104 1250 1189 1276 esse
1226 1250 1315 1291 quo
1347 1236 1573 1276 commode
1605 1236 1751 1276 referri

377 1307 509 1362 possit
530 1320 713 1361 sequens
744 1308 930 1347 versus.'’
967 1308 1127 1359 Quidni
1156 1308 1470 1350 Valckenaerio
1502 1309 1621 1348 licuit
1651 1308 1750 1348 iun-

378 1391 476 1433 gere
507 1376 574 1433 μὲν
594 1401 652 1407 -
674 1378 764 1433 καί,
797 1384 837 1417 et
865 1378 948 1417 iam
981 1385 1069 1418 tum
1100 1380 1205 1419 scire
1232 1393 1344 1433 quae
1375 1386 1470 1434 post
1498 1393 1594 1419 eum
1622 1393 1749 1435 prae-

377 1450 493 1505 cepit
523 1450 790 1490 Hermannus
817 1449 871 1490 ad
895 1450 1037 1505 Viger.
1070 1466 1114 1505 p.
1133 1449 1247 1490 841?
1281 1456 1496 1490 caeterum
1520 1451 1750 1506 perspicue

378 1520 484 1560 dixit
543 1527 793 1576 sequentem
849 1534 1014 1562 versum
1053 1522 1198 1561 referri
1245 1521 1301 1561 ad
1341 1522 1572 1577 τάμαυτοῦ5
1627 1522 1748 1577 quod

378 1591 553 1646 quidem
586 1593 723 1632 minus
754 1592 979 1632 commode
1010 1592 1081 1641 fit,
1122 1606 1203 1632 nec
1235 1599 1377 1632 tamen
1409 1594 1496 1632 sine
1528 1593 1745 1648 exemplis.

376 1663 545 1703 Mallem
576 1663 939 1705 Valckenaerium
964 1664 1174 1703 iudicasse
1200 1677 1289 1703 non
1316 1670 1482 1704 tantum
1506 1663 1622 1703 hunc
1649 1677 1744 1705 ver-

377 1749 495 1784 sum,
529 1735 602 1775 sed
635 1742 883 1790 sequentem
916 1749 1096 1790 quoque
1126 1736 1318 1775 inutilem
1350 1749 1460 1784 csse,
1489 1742 1653 1775 mutato
1681 1749 1738 1777 vs.

376 1805 477 1846 488.
509 1807 576 1863 μέν
604 1807 647 1847 in
678 1806 986 1863 e’ffzo'vzquippe
1017 1808 1103 1847 istis
1135 1806 1304 1847 duobus
1333 1806 1545 1855 versibus,
1579 1807 1639 1847 nil
1666 1808 1744 1847 nisi

375 1879 671 1933 repetitionem
719 1892 900 1934 eamque
946 1878 1194 1934 languidam
1237 1877 1580 1927 continentibus,
1635 1879 1746 1918 male

377 1949 560 2005 disiungi
588 1964 701 2004 quae
733 1950 936 2005 contigua
966 1949 1198 2005 cogitanda
1227 1949 1330 1989 sint:
1363 1949 1589 1989 dimittam
1617 1963 1746 1990 exer-

377 2023 513 2061 cilum
544 2036 624 2061 nec
654 2022 806 2061 urbem
841 2021 1073 2076 diripiam.
1121 2021 1205 2060 Sed
1231 2026 1401 2060 maneat
1438 2020 1559 2075 quod
1594 2021 1746 2062 verbo·

377 2093 459 2132 sius
493 2093 685 2133 inculcat
721 2093 966 2147 Polynices,
1001 2092 1169 2147 quibus,
1200 2090 1520 2132 conditionibus
1566 2106 1587 2131 a
1630 2091 1743 2132 bello

376 2163 571 2203 desistere
604 2170 781 2218 paratus
809 2164 876 2203 sit.

434 2234 533 2274 500.
578 2234 657 2291 ἐμοὶ
689 2235 783 2291 μὲν,
806 2258 864 2264 -—
886 2233 1025 2284 ’ξυνετά
1057 2251 1118 2289 μοι
1151 2233 1275 2282 δοκεῖς
1305 2234 1441 2290 λέγειν.
1489 2233 1532 2274 Si
1558 2233 1744 2274 imitatus

375 2313 434 2347 est
463 2308 593 2348 Poeta
624 2307 867 2363 Sophoclea
900 2306 1056 2363 Anteg.
1087 2306 1194 2356 692,
1240 2313 1285 2346 ut
1314 2312 1438 2362 putat
1469 2306 1738 2348 Valckenae-

376 2379 482 2427 rius,
526 2380 670 2419 infelix
710 2380 907 2434 profecto
940 2379 1018 2418 suit
1051 2378 1292 2418 aemulatio.
1347 2377 1475 2428 Quod
1506 2383 1647 2416 autem
1689 2376 1744 2416 ad

378 2449 494 2489 hunc
535 2451 706 2499 locum,
755 2457 801 2490 ut
842 2464 968 2505 saepe
1016 2450 1138 2498 alias,
1180 2448 1425 2488 inculcatur
1466 2448 1519 2487 de
1563 2447 1742 2501 repetito

377 2521 651 2574 pronomine,
675 2523 804 2578 plane
832 2522 1017 2561 alienum
1036 2527 1120 2560 est:
1147 2521 1313 2560 nullum
1341 2525 1454 2559 certe
1480 2518 1655 2557 allatum
1681 2524 1741 2557 est

382 2590 526 2631 adhue
554 2594 794 2647 exemplum
812 2594 979 2648 repetiti
996 2591 1077 2648 ἐμοὶ
1110 2607 1253 2647 -μοκ
1284 2603 1364 2630 nec
1391 2594 1558 2643 poterat
1578 2586 1736 2636 afferri,

379 2662 455 2701 nisi
493 2662 602 2702 sorte
642 2671 913 2719 corruptum:
945 2664 1075 2705 veluti
1115 2660 1328 2702 Demosth.
1367 2659 1462 2699 adv.
1503 2658 1655 2713 Euerg.
1698 2664 1738 2697 et

380 2732 505 2772 Mnes.
525 2749 568 2788 p.
597 2733 697 2774 llssl
717 2766 725 2782 ,
752 2735 808 2775 25
826 2735 880 2774 R.
923 2735 1018 2774 Huc
1044 2747 1129 2773 non
1152 2733 1335 2788 pertinet
1359 2729 1479 2785 quod
1504 2735 1655 2783 poetae
1678 2729 1740 2770 vi-
