2020 3326
431 229 516 270 234
832 223 1386 268 COMMENTARIUS.

430 365 530 405 bent
555 367 655 424 ya'p:
690 363 809 418 quod
842 363 1061 418 amplexus
1091 367 1150 401 est
1174 361 1390 410 Klotzius‚
1420 363 1463 403 in
1491 364 1679 420 longiore
1707 381 1780 407 no-

429 442 470 475 ta
501 435 553 475 de
581 433 930 490 interpretatione
962 432 1067 473 nihil
1098 446 1272 473 monens
1301 440 1471 489 praeter
1500 434 1604 476 hoe:
1646 438 1781 478 multo

427 507 675 546 concinnius
717 519 803 545 esse
846 508 927 564 γάρ
969 519 1100 560 quam
1140 521 1198 560 γε.
1264 504 1515 547 Vertamus:
1560 507 1632 548 An
1674 508 1784 549 haec

425 582 601 617 mortua
626 591 691 617 me
721 576 1041 617 comitabitur?
1074 592 1179 616 nam
1207 582 1281 616 sat
1303 580 1394 618 scio
1427 592 1522 618 eam
1553 594 1618 620 me
1649 584 1780 620 comt-

425 654 625 688 taturam
655 663 774 698 esse,
804 651 849 688 εἰ
875 651 1067 689 viveret:
1097 648 1123 688 i.
1149 662 1185 688 6.
1214 649 1419 704 suppletis
1449 664 1562 705 quae
1586 665 1779 692 necessa-

422 720 485 759 rio
515 720 756 775 supplenda
785 727 902 760 sunt:
934 736 996 761 an
1026 720 1134 760 llaec
1163 725 1340 760 mortua
1365 735 1430 761 me
1459 724 1779 765 comitabatur-‚⁶2

421 806 526 830 oram
554 792 723 833 videris
751 792 831 832 leoc
850 797 1041 848 putare,
1077 797 1118 832 et
1141 791 1351 848 profecto
1379 799 1496 834 recte
1520 795 1697 835 iudicas
1725 796 1778 836 cle

421 863 632 903 locastae
673 878 781 920 erga
819 878 884 904 me
919 878 1096 904 amore:
1140 866 1431 905 comitaretur
1460 868 1576 906 enim
1607 882 1694 916 me,
1736 871 1781 907 sel

419 937 602 975 viveret.
647 936 786 985 Haec,
820 950 967 991 spero,
1008 949 1096 976 11011
1124 935 1326 991 probabit
1359 937 1576 978 Klotzius:
1604 946 1778 995 recepto

419 1006 505 1062 γ’ἄν
532 1007 640 1047 haee
668 1008 871 1048 sententia
900 1008 995 1048 erit:
1024 1007 1210 1062 faceret
1239 1014 1373 1058 certe,
1404 1011 1449 1049 ses
1471 1012 1655 1050 viveret.
1696 1012 1780 1051 lta-

419 1092 505 1133 que
536 1078 642 1128 hoe,
685 1093 751 1119 me
790 1079 957 1129 iudice,
1007 1079 1060 1120 de
1102 1080 1349 1120 coniectura
1384 1082 1691 1123 restituendum
1720 1098 1779 1124 es-

417 1157 501 1194 set,
535 1151 567 1190 51
595 1151 737 1190 111111115
772 1151 907 1192 codex
936 1152 1245 1207 suppeditaret.

482 1221 603 1262 1622.
657 1222 744 1264 ἀλλ’
775 1226 939 1272 εὔτεκνος
969 1223 1151 1283 ξυνωρίς,
1193 1223 1281 1266 ἀλλ’
1305 1224 1372 1266 οὐκ
1403 1226 1480 1267 ἔστι
1511 1242 1587 1282 μοι.
1635 1226 1777 1278 Quum

417 1295 583 1342 εὔτεκνος
612 1292 765 1354 ξυνωρίς
791 1297 963 1351 proprie
996 1296 1191 1351 sitfelc'ac
1219 1297 1374 1336 liberis
1392 1311 1488 1352 par
1512 1300 1770 1354 coniugum,

418 1366 583 1420 aliquid
614 1366 950 1407 condonandum
981 1375 1040 1408 est
1069 1368 1243 1417 Poetae,
1278 1369 1353 1423 qui
1383 1383 1499 1409 1111116
1530 1370 1662 1410 voluit
1690 1384 1777 1410 esse

413 1452 506 1493 par
535 1438 746 1478 bonoram
765 1438 988 1493 filioram.
1028 1438 1201 1494 Opusne
1233 1445 1322 1479 erat
1349 1440 1517 1480 duobus
1543 1440 1672 1480 filiis?
1701 1441 1775 1481 sed

416 1510 605 1550 Eteocles
642 1517 682 1550 et
714 1511 958 1566 Polynices,
1003 1512 1033 1551 si
1066 1511 1279 1560 viverent,
1317 1511 1486 1551 alternis
1517 1511 1680 1552 vicibus
1710 1527 1774 1553 re—

417 1587 617 1637 gnarent,
649 1588 722 1621 aut
752 1589 1019 1638 pugnarent,
1054 1581 1243 1638 Oedipus
1267 1583 1465 1623 occlusus
1494 1582 1607 1623 domi
1637 1598 1777 1624 mane-

416 1659 493 1693 ret.
523 1653 630 1693 Nam
655 1653 708 1693 de
733 1653 903 1694 filiabus
927 1668 1013 1694 non
1039 1668 1223 1709 quaero:
1253 1653 1442 1694 Ismenae
1466 1655 1598 1704 enim,
1628 1669 1775 1710 quam-

417 1739 550 1779 quam
577 1723 630 1765 ab
653 1732 785 1765 matre
810 1732 1167 1766 commemoratur
1183 1739 1241 1766 vs.
1260 1726 1333 1774 57,
1356 1732 1496 1766 tamen
1518 1727 1659 1766 nullae
1681 1742 1775 1782 par-

416 1803 476 1836 tes
516 1803 612 1836 sunt
644 1796 687 1837 in
718 1795 800 1836 hac
833 1797 1002 1846 sabula,
1045 1803 1086 1837 et
1120 1797 1330 1853 Antigone
1363 1798 1567 1838 Haemoni
1599 1798 1776 1854 despon—

415 1874 505 1908 sata
535 1874 639 1907 erat.

477 1939 602 1980 1623.
646 1938 731 1980 ἀλλ’
756 1941 808 1980 ἔτι
838 1941 981 1988 νεάζων
1013 1940 1125 1988 αὐτὸς
1155 1940 1292 2000 εὕροιμ’
1315 1941 1361 1982 ἂν
1383 1939 1491 1995 sst'ov3
1525 1939 1596 1981 An
1624 1943 1775 1981 etiam-

416 2026 521 2051 num
545 2013 721 2051 z'avem's
749 2025 845 2050 sum
862 2043 870 2059 ,
905 2013 972 2051 z'ta
997 2017 1047 2051 ut
1075 2015 1173 2067 ipse
1205 2013 1315 2053 milei
1339 2015 1504 2053 victam
1532 2014 1582 2052 in
1610 2014 1772 2053 exsilio

408 2084 672 2138 prospicere
695 2082 905 2138 possim?
945 2082 987 2122 Si
1017 2083 1179 2124 iuvenis
1212 2091 1343 2132 esset,
1381 2091 1421 2124 et
1454 2099 1632 2134 caecus,
1668 2085 1775 2138 quid

415 2154 644 2209 proficeret
681 2155 725 2194 in
755 2154 889 2209 fuga?
923 2179 979 2184 —
1009 2155 1099 2195 Iam
1129 2156 1226 2195 satis
1255 2156 1488 2211 significavi
1520 2170 1606 2195 6556
1635 2157 1678 2195 111
1709 2156 1772 2195 1115

418 2226 551 2266 tribus
590 2225 777 2267 versibus
817 2240 930 2281 quae
968 2226 1070 2266 mihi
1115 2227 1291 2282 quidem
1327 2227 1594 2283 displiceant.
1640 2227 1771 2267 Athe-

415 2298 579 2338 nienses
614 2297 697 2337 hoc
729 2311 861 2353 genus
900 2298 1160 2353 prolepsium
1200 2299 1392 2354 quotidie
1427 2299 1470 2339 in
1499 2299 1667 2339 iudiciis
1704 2313 1774 2338 au-

418 2368 614 2419 diebant3
650 2369 901 2410 vitiosiorem
935 2369 1081 2409 audire
1112 2371 1180 2411 vix
1205 2377 1450 2426 potuerunt.
1490 2369 1772 2411 Conferantur

418 2453 482 2480 ex.
507 2455 569 2496 gr.
598 2454 695 2480 eum
722 2440 785 2479 his
813 2441 1095 2495 pulcerrimae
1124 2443 1323 2496 querelae
1349 2442 1542 2490 Medeae,
1567 2441 1652 2482 502
1674 2456 1769 2496 sqq.

420 2515 481 2552 νῦν
512 2514 579 2554 ποῖ
606 2515 813 2571 τράπωμαι
854 2511 941 2553 κτὲ;
988 2527 1117 2568 porro
1158 2514 1350 2554 Herculis
1389 2513 1518 2554 verba
1556 2514 1599 2553 in
1639 2513 1766 2553 Herc.

422 2582 528 2622 Far.
559 2582 668 2624 1283
697 2599 793 2639 sqq.
839 2584 984 2624 Thesei
1014 2585 1057 2624 in
1095 2584 1253 2640 Suppl.
1291 2584 1376 2625 544
1405 2599 1503 2639 sqq.
1540 2584 1685 2639 Iphios
1712 2584 1768 2623 111.

432 2652 541 2693 1094
568 2668 630 2707 sq.
673 2654 826 2711 Oedipi
855 2655 898 2694 in
935 2654 1038 2696 Oed.
1068 2656 1164 2711 Tyr.
1202 2657 1309 2698 1375
1337 2671 1432 2711 sqq.
1469 2656 1555 2697 ἀλλ’
1587 2658 1608 2701 ἡ
1640 2657 1773 2697 τέκνων

426 2723 508 2766 κτὲ.
562 2725 733 2766 Scilicet
774 2726 1018 2782 Euripides,
1071 2742 1205 2782 quum
1245 2728 1412 2769 sentiret
1453 2728 1571 2768 illum
1610 2728 1773 2768 excelso
