2020 3326
705 218 1271 267 COMMENTARIUS.
1595 214 1676 254 157

302 372 387 412 riis.
431 369 576 421 Quum
607 371 749 405 autem
776 369 899 411 κᾶπος
929 359 1173 417 significare
1200 356 1388 413 potuerit
1418 351 1675 400 anhelitus,

302 442 438 498 magis
464 440 593 480 etiam
618 427 948 477 commendatur
974 431 1144 472 adiecto
1168 428 1299 471 verbo
1327 425 1505 481 ἐκβαλών
1519 443 1534 478 ,-
1567 437 1681 463 nem-

304 529 360 570 pe
398 501 615 567 frequenti
658 506 939 562 respiratione
977 503 1101 558 quasi
1138 501 1306 541 eiieitur
1345 498 1558 539 anhelitus
1599 495 1684 535 eol-

305 586 441 626 lectus
473 597 523 622 ex
556 594 699 621 eursu.
737 578 906 617 Partem
944 574 1095 615 scholii
1128 573 1183 613 ad
1210 572 1329 612 11.1.;
1367 570 1474 611 ἄλλοι
1507 567 1551 610 δὲ
1584 564 1682 614 ἇπος

309 657 409 712 (leg.
448 652 575 707 αἶπος)
623 651 666 693 τὸ
697 650 816 706 ὕψος,
848 651 909 689 νῦν
942 646 987 688 δὲ
1019 648 1343 704 καταχρηστικῶς
1373 631 1416 683 το
1447 647 1592 698 μῆκος,
1634 638 1684 686 ὡς

307 728 372 769 καὶ
412 726 503 774 ποὺς
543 725 713 783 ὀλέθριος
756 721 792 763 ἐν
836 719 1121 776 Καλλιμάχῳ,
1165 716 1224 756 sie
1261 714 1435 770 corrigit
1476 713 1686 753 Herman-

308 815 408 842 nus:
454 822 512 828 —
552 798 602 845 ὡς
645 795 710 836 καὶ
756 793 898 849 αἰπὺς,
939 792 1132 847 ὀλέθριος·
1178 788 1216 830 ἐν
1258 789 1333 835 τοῖς
1364 785 1682 844 Καλλιστράτου.

308 873 370 913 De
402 870 643 912 Callistrato
678 867 785 908 nihil
819 866 1027 914 decerno;
1069 876 1168 902 nam
1201 859 1356 915 corrigi
1389 858 1518 898 etiam
1548 860 1689 912 potest

312 944 423 1004 παρὰ
456 942 713 998 Καλλιμάχῳ
747 939 810 980 vel
847 937 883 979 ἐν
912 968 1039 977 .....
1076 933 1371 989 Καλλιμάχου,
1403 929 1555 970 omisso
1585 927 1689 967 titu-

313 1018 355 1057 lo
385 1014 604 1063 carminis3
651 1012 820 1065 reliqua
851 1022 952 1049 vero
983 1008 1042 1047 sie
1074 1006 1240 1046 malim:
1275 1004 1324 1052 ὡς
1355 1001 1478 1057 κᾷπος
1509 999 1686 1058 ὁλέΘριονε

314 1102 416 1129 nam
456 1085 595 1140 αἰπὺς,
626 1083 784 1143 ὀλέθριος
821 1094 909 1121 11011
945 1079 1044 1119 satis
1086 1082 1268 1133 apparet
1303 1074 1410 1130 quid
1442 1072 1605 1113 faciant
1636 1069 1692 1111 ad

319 1166 454 1216 μῆκοςε
498 1159 647 1212 itaque
685 1154 739 1195 ab
773 1152 1014 1194 Scholiasta
1046 1150 1205 1188 citatur
1237 1147 1525 1201 fragmentum
1554 1142 1693 1198 poeti-

319 1247 419 1273 eum
450 1231 494 1270 in
525 1241 614 1284 quo
651 1225 776 1281 κᾷτιος
813 1222 895 1279 (καὶ
929 1220 1085 1274 αἶπος),
1132 1218 1275 1259 nescio
1310 1217 1432 1257 euius
1460 1215 1519 1255 rei
1553 1214 1692 1270 longi-

321 1304 428 1345 tudo
469 1302 643 1360 ὁλέὲριου
684 1303 885 1340 vocatum
928 1294 995 1334 sit.
1037 1291 1210 1332 Glossae
1243 1288 1401 1329 Suidae
1423 1293 1463 1327 et
1503 1287 1696 1326 Zonarae

321 1374 460 1430 αἰπὺς,
492 1374 510 1414 ὁ
540 1372 707 1430 ὀλέθριος
739 1368 941 1411 videntur
975 1370 1094 1404 ortae
1124 1376 1175 1403 ex
1206 1360 1436 1401 Homerico
1468 1357 1581 1400 αἰπὺν
1613 1357 1696 1399 ὁλε-

320 1449 432 1507 ἕὲρον.
490 1443 575 1484 Sed
611 1444 721 1491 αἶπος
764 1438 884 1481 haud
924 1442 1041 1477 reete
1078 1448 1159 1491 pro
1195 1432 1401 1474 translato
1438 1430 1624 1472 habetur
1654 1430 1698 1470 in

318 1519 466 1574 Eurip.
500 1516 596 1557 Alo.
625 1514 724 1555 502.
757 1512 830 1553 ubi
860 1509 1090 1551 Hercules:

529 1587 594 1630 καὶ
625 1585 735 1629 τόνδε
767 1583 905 1640 τούμοῦ
939 1579 1117 1639 δαίμονος
1150 1579 1259 1620 πόνου
1291 1577 1434 1634 λέγεις’

533 1659 694 1719 σκληρὸς
726 1658 806 1717 γὰρ
839 1654 898 1697 αεὶ
933 1653 998 1695 καὶ
1031 1652 1122 1712 πρὸς
1153 1652 1264 1699 αἶπος
1295 1653 1466 1710 ἔρχεται.

325 1735 423 1775 Νο11
445 1733 556 1774 enim
584 1728 850 1772 admittenda
868 1725 1099 1782 explicatio
1114 1723 1402 1765 Scholiastae:
1435 1719 1528 1779 πρὸς
1560 1718 1700 1774 ὃυςχέ-

324 1824 454 1867 ρειαυ,
496 1806 547 1848 τοὶ
589 1805 669 1864 γαρ
712 1801 842 1859 ὑψηλοὶ
886 1798 1074 1858 δυσχερῆ.
1130 1797 1289 1837 Immo:
1320 1793 1482 1849 fatum
1518 1789 1696 1847 (inquit)

325 1879 528 1920 cumulat
567 1877 743 1917 labores
775 1887 918 1921 meos,
964 1871 1028 1912 acl
1054 1874 1302 1911 extremum
1333 1869 1465 1921 urget
1494 1877 1587 1903 me:
1636 1862 1703 1902 vel

334 1951 385 2004 (si
412 1950 496 1990 1100
521 1947 689 2002 malis),
742 1946 805 1986 ad
829 1950 1077 1985 extremum
1109 1946 1174 1988 τῆς
1207 1939 1459 1997 σκληρότητος
1490 1933 1701 1991 pervenit.

329 2022 424 2062 Hoc
453 2021 486 2060 si
513 2033 661 2061 verum
685 2024 764 2066 est,
790 2016 933 2057 nullus
962 2027 1062 2054 usus
1082 2018 1142 2052 est
1163 2011 1289 2051 huius
1311 2008 1395 2049 loci
1423 2006 1479 2048 ad
1500 2018 1703 2062 praesen-

331 2101 416 2134 tem
441 2091 803 2132 Phoenissarum
829 2084 1155 2141 explicandum:
1181 2083 1224 2122 in
1248 2094 1360 2136 quo,
1389 2085 1436 2119 ut
1459 2077 1674 2118 absolvam
1690 2105 1702 2125 ‚

333 2165 417 2205 hoc
447 2160 663 2203 observari
692 2159 842 2205 velim,
876 2156 1136 2197 mentionem
1164 2151 1469 2208 longitudinis
1496 2148 1589 2190 viae
1618 2161 1705 2188 non

331 2233 593 2290 exspectari:
622 2244 709 2271 11011
737 2230 849 2270 enim
878 2242 899 2268 e
928 2226 1169 2282 longinquo
1198 2222 1369 2264 advenit
1402 2220 1601 2269 Tiresias,
1632 2218 1708 2259 sed

336 2305 549 2348 festinavit
585 2316 735 2351 senex,
783 2301 916 2355 idque
958 2304 1055 2338 ante
1097 2294 1352 2351 significavit
1391 2306 1448 2334 vs,
1479 2290 1580 2332 848.
1619 2291 1706 2331 Πυ-

335 2381 423 2424 κυὴυ
455 2376 499 2419 δὲ
533 2375 673 2430 βαίνων
704 2373 834 2417 ἤλυσιν
865 2371 970 2429 μόλις
1002 2373 1137 2429 περῶ,
1168 2374 1208 2406 et
1238 2365 1390 2406 modo:
1430 2364 1471 2406 τί
1498 2380 1544 2420 με
1577 2362 1706 2411 καλεῖς

337 2448 564 2504 σπουδῇ,
597 2448 749 2501 remor,-
782 2444 897 2485 unde
921 2441 1116 2497 sequitur
1142 2438 1320 2493 intelligi
1344 2435 1559 2478 vocabulo
1586 2435 1710 2475 Euri-

339 2524 492 2581 pideo‚
532 2520 846 2575 quodcumque
875 2514 1087 2571 posuerit,
1121 2525 1209 2552 non
1242 2510 1332 2566 ὕψος
1365 2522 1447 2549 nec
1481 2513 1598 2565 μῆκος
1628 2520 1708 2547 nee

340 2595 581 2654 σκληρότητα
602 2592 694 2633 viae
708 2623 717 2639 ,
737 2589 811 2629 sed
829 2585 1120 2627 lassitudinem
1145 2583 1198 2623 de
1220 2582 1289 2623 via
1306 2582 1348 2622 in
1371 2581 1611 2628 festinante,
1632 2577 1710 2633 qui

341 2682 441 2709 mox
476 2670 618 2706 narret
646 2676 710 2711 se,
744 2661 943 2701 hesterno
973 2657 1122 2697 itinere
1150 2654 1328 2695 Athenis
1358 2651 1525 2692 Thebas
1556 2650 1709 2705 fatiga-

340 2747 454 2788 tum,
498 2749 615 2778 nune
646 2733 774 2775 huius
810 2743 957 2772 cursus
987 2726 1293 2785 properatione
1322 2724 1576 2766 exhaustum
1607 2734 1706 2762 esse.
