2020 3326
375 250 432 291 98
779 242 1338 307 COMMEM'ARIUS.

383 400 495 434 esse,
528 383 694 440 putavit
730 394 799 421 eas
828 380 943 420 bello
975 385 1124 434 captas
1157 392 1244 419 esse
1286 392 1310 418 a
1340 379 1474 434 Tyriis
1511 393 1561 420 ex
1600 381 1746 436 aliqua

381 455 637 498 I‘hoeniciae
671 452 790 492 urbe.
842 451 968 491 Hunc
1005 464 1191 490 errorem
1229 450 1291 490 his
1321 450 1459 492 verbis
1491 458 1611 492 notat
1642 453 1747 492 Her-

381 539 584 567 mannus:
638 541 654 560 »
670 524 782 579 Ergo
824 528 864 562 et
901 522 990 578 ipse
1032 536 1118 562 11011
1158 521 1288 561 modo
1324 522 1589 578 Agenoridas
1630 537 1749 563 suam

381 599 570 652 ipsorum
611 594 802 649 aliquam
840 592 991 633 urbem
1030 607 1294 648 expugnasse
1325 594 1552 643 credebat,
1594 594 1666 634 sed
1698 608 1752 634 ne

382 667 554 708 videbat
588 665 765 721 quidem
808 678 901 704 eam
939 664 1086 704 urbem
1125 679 1212 704 11011
1242 665 1429 719 potuisse
1461 666 1587 706 aliam
1618 680 1751 721 quam

382 739 541 793 Tyrum
572 737 702 777 esse.’'
759 736 884 776 Nunc
926 736 1195 791 exploremus
1230 736 1460 777 Hermanni
1495 738 1751 792 interpreta-

384 810 564 850 tionem:
610 808 800 848 »Tantas
839 806 985 847 turbas
1019 806 1195 862 (inquit)
1232 807 1430 848 excitavit
1467 808 1591 848 unius
1621 822 1751 848 voea-

382 880 473 921 buli
499 880 605 920 falsa
627 879 937 935 interpretatio.
973 878 1082 918 Nam
1112 877 1188 917 etsi
1217 892 1524 933 saepenumero
1550 880 1751 939 ἀκροθίνια

381 952 594 1008 primitiae
634 951 868 1006 spoliorum
910 956 950 990 et
990 948 1179 1005 praedae
1219 949 1451 999 dicuntur,
1500 956 1642 991 tamen
1673 965 1754 991 nee

383 1023 562 1079 propria
591 1022 700 1063 haee
733 1028 793 1062 est
823 1021 949 1061 huius
980 1020 1183 1062 vocabuli
1212 1021 1531 1076 interpretatio,
1569 1029 1610 1061 et
1641 1023 1752 1062 111111-

380 1095 432 1136 tis
473 1094 677 1150 exemplis
716 1099 882 1134 constat
921 1093 1092 1148 quasvis
1131 1092 1341 1147 primitias
1382 1099 1422 1133 et
1459 1093 1677 1148 quidquid
1708 1094 1752 1134 in

384 1167 532 1222 aliquo
573 1179 752 1206 numero
783 1164 1192 1221 praestantissimum
1225 1170 1284 1203 est
1318 1177 1368 1204 eo
1399 1165 1570 1204 nomine
1602 1165 1754 1220 appel-

454 1238 508 1255 '’'
572 1237 658 1277 Sed
694 1251 810 1277 1111110
856 1250 944 1277 11011
990 1235 1288 1291 quaerendum
1332 1242 1445 1285 erat,
1494 1236 1604 1291 quid
1648 1242 1754 1276 esset

384 1239 478 1278 lari.

385 1309 625 1370 ακροθίνιον,
666 1309 740 1349 sed
770 1308 876 1363 quid
907 1308 1122 1367 ἀκροθίνιον
1155 1307 1280 1366 δορός.
1327 1308 1448 1347 Hane
1478 1307 1608 1362 igitur
1639 1307 1754 1348 diffi-

384 1383 589 1422 cultatem
617 1381 883 1420 Hermannus
920 1380 979 1420 510
1011 1380 1135 1434 quasi
1176 1379 1285 1418 saltu
1317 1385 1514 1434 superat:
1565 1379 1753 1434 »Itaque

386 1467 524 1509 quum
558 1452 715 1492 chorus
742 1465 802 1491 vs.
827 1449 926 1490 283.
959 1464 1002 1490 se
1032 1449 1141 1508 δορὸς
1174 1450 1388 1508 ἀκροθίνιον
1415 1456 1564 1499 vocat,
1598 1450 1668 1499 id,
1703 1449 1753 1489 li-

386 1531 453 1565 eet
483 1523 681 1579 ambigue
711 1522 875 1562 dietum
907 1521 978 1570 sit,
1020 1522 1079 1561 sic
1112 1521 1415 1575 accipiendum
1446 1527 1527 1569 est,
1565 1526 1612 1560 ut
1642 1520 1754 1576 Age-

385 1595 564 1636 noridae
615 1608 665 1634 ex
709 1607 808 1633 suae
853 1592 968 1632 urbis
1020 1592 1117 1647 Tyri
1163 1591 1397 1647 virginibus
1439 1592 1756 1632 formosissimas

384 1672 564 1722 propter
592 1670 853 1721 reportatam
885 1663 1076 1719 aliquam
1108 1663 1331 1704 victoriam
1361 1662 1414 1703 de
1447 1662 1589 1712 hoste,
1623 1677 1753 1717 quem

388 1751 475 1778 non
505 1736 739 1777 nominavit
769 1741 923 1790 poeta,
967 1734 1157 1789 Apollini
1199 1735 1361 1774 donum
1393 1734 1557 1774 mittere
1602 1734 1754 1774 deere-

387 1808 567 1849 verint.”
592 1807 708 1847 Haeo
732 1806 1327 1848 comendoValckenaeriano
1344 1819 1484 1845 errore
1500 1805 1633 1845 nihilo
1661 1819 1754 1845 eer-

384 1880 494 1920 tiora
523 1892 630 1927 esse,
666 1877 739 1918 sed
764 1891 843 1932 pro
872 1877 1128 1917 auctoritate
1153 1878 1239 1917 sine
1265 1877 1468 1932 exemplis
1493 1876 1752 1916 confirmari.

388 1951 533 2003 Quum
568 1949 672 1990 dicit
702 1949 969 1989 Hermannus
1005 1948 1353 1988 absurdissimum
1394 1962 1506 1996 esse,
1552 1947 1750 2003 virgines,

388 2023 420 2063 si
463 2036 550 2062 11011
592 2022 672 2062 sint
711 2020 886 2075 Tyriae,
929 2020 1061 2074 paulo
1102 2026 1197 2075 post
1235 2033 1410 2060 canere:
1456 2019 1585 2067 πόλεος
1617 2018 1754 2079 ἐκπρο-

390 2094 551 2155 κριθεῖσ’
596 2093 694 2150 ἐμοῖς
733 2092 1046 2148 καλλιστεύματα
1080 2090 1212 2145 Λοξία
1227 2126 1243 2146 j
1286 2091 1434 2131 urbem
1475 2097 1756 2131 memorantes

392 2166 513 2206 euius
547 2179 704 2205 nomen
742 2165 994 2211 reticerent,
1040 2163 1143 2202 mihi
1183 2163 1351 2204 videtur
1386 2176 1472 2201 non
1513 2163 1652 2202 minus
1690 2162 1756 2202 in-

391 2250 631 2292 congruum
667 2249 780 2284 esse,
829 2238 959 2290 ipsae
1000 2249 1136 2289 quum
1175 2234 1255 2274 sint
1298 2233 1535 2289 praemium
1578 2233 1756 2273 alieuius

386 2308 614 2356 victoriae,
638 2307 819 2362 virgines
842 2307 940 2346 istas
962 2319 1050 2346 non
1071 2318 1404 2345 commemorare
1427 2317 1639 2358 quaenam
1656 2302 1756 2343 urbs

393 2385 521 2434 capta
552 2378 629 2426 sit,
671 2384 743 2417 aut
781 2377 1004 2432 quodnam
1034 2383 1199 2416 tantum
1234 2375 1394 2415 bellum
1424 2381 1586 2430 gestum
1618 2388 1640 2414 a
1671 2373 1753 2428 Ty-

390 2450 482 2489 riis:
517 2456 612 2489 tum⁴
630 2448 870 2489 inauditum
895 2461 981 2487 esse
1012 2447 1184 2502 linguae
1211 2446 1412 2494 abusum,
1439 2458 1527 2499 quo
1551 2445 1752 2503 ἀκροθίνια

392 2520 500 2579 δορός
545 2520 744 2561 dicantur
778 2520 1020 2575 primitiae
1065 2520 1313 2565 υίοίονίαε,
1376 2529 1490 2570 quae
1530 2528 1618 2554 non
1673 2517 1754 2556 sint

385 2594 534 2645 ipsius
567 2591 673 2631 bella·
701 2590 908 2643 fructus,
950 2603 1038 2630 11011
1081 2603 1135 2629 ex
1171 2588 1334 2643 spoliis
1371 2586 1621 2633 desumtae,
1666 2600 1753 2627 non

388 2662 552 2701 donum
588 2677 641 2701 ex
678 2662 835 2702 horam
873 2661 1023 2701 reditu
1056 2659 1320 2714 confectam.
1372 2656 1415 2695 Si
1447 2670 1579 2696 unum
1612 2670 1752 2696 exem-

386 2732 507 2786 plum
548 2733 735 2773 attulerit
763 2732 1030 2772 Hermannus
1081 2730 1202 2786 quod
1232 2742 1318 2769 non
1362 2727 1411 2767 sit
1446 2727 1534 2766 eius
1564 2728 1750 2782 generis,
