2020 3326
401 264 487 306 200
797 258 1360 302 COMMENTARIUS.

410 400 543 455 Sopli.
579 398 685 439 Oed.
706 396 753 438 C'⁴²
779 396 872 435 135.
903 401 1003 453 φωνῇ
1036 395 1114 453 γάρ
1144 395 1219 453 ὁρῶ
1251 395 1293 436 τὸ
1314 397 1584 453 φατιζόμενον,
1616 398 1658 438 in
1686 412 1776 453 quo

409 484 552 525 neque
593 467 857 515 admiserim,
903 466 1023 521 quod
1054 466 1322 506 Hermannus
1352 468 1518 522 putavit
1556 468 1599 510 τὸ
1627 472 1778 527 φατιζό-

410 558 518 598 μενον
556 554 660 580 esse:
704 544 754 578 ut
783 538 1022 593 proverbio
1057 537 1250 586 (licitur,
1294 539 1582 594 refutavitque
1619 540 1778 580 Bakius

408 614 454 652 in
482 611 591 651 Bibl.
618 609 686 650 Cr.
715 609 823 650 Nov.
848 609 881 649 I.
913 625 959 665 p.
989 608 1056 648 15.
1089 622 1169 649 nec
1203 615 1344 650 tamen
1373 610 1497 650 huius
1529 611 1779 667 interpreta-

409 684 569 723 tionem
595 680 794 737 probem:
826 695 847 720 e
878 686 1033 720 vestra
1059 694 1162 720 voce
1192 682 1309 720 enim
1339 683 1572 722 oraculum
1602 685 1780 724 evenire

408 755 565 796 video:
608 766 697 793 non
726 752 838 792 enim
870 752 948 792 fert
980 765 1097 801 eam,
1135 759 1181 792 ut
1211 758 1345 806 pum,
1380 767 1579 807 praesens
1610 755 1782 809 partici-

406 826 482 882 pii.
536 824 719 867 Videtur
755 823 897 863 dicere
933 822 1145 878 Oedipus:
1188 823 1317 863 video
1349 839 1465 879 quae
1496 839 1599 866 voce
1628 825 1780 867 dicun-

412 903 514 937 tur:
556 896 583 936 i.
616 909 653 935 e.
693 908 848 935 caecus
880 908 995 942 sum,
1037 908 1118 934 nec
1150 908 1224 934 vos
1254 895 1398 935 videre
1428 909 1615 950 possum.
1661 897 1783 948 Quae

410 967 642 1024 respondet
669 966 852 1015 Chorus,
888 965 1003 1014 δεινὸς
1034 965 1100 1023 μὲν
1131 967 1222 1025 ὁρᾶν
1235 1001 1251 1021 ,
1284 965 1399 1015 δεινὸς
1433 966 1477 1008 δὲ
1507 967 1655 1023 κλύειν,
1687 975 1782 1009 sunt

409 1039 697 1096 superstitiose
736 1037 948 1077 horrentis
986 1038 1240 1093 adspectum
1282 1046 1322 1079 et
1362 1053 1512 1080 vocem
1551 1040 1661 1089 eius,
1707 1040 1783 1095 qui

413 1124 535 1151 sacro
566 1110 664 1149 loco
693 1109 872 1158 violato,
908 1108 1009 1148 diris
1039 1109 1219 1150 devotus
1249 1116 1366 1149 esset.
1395 1134 1452 1139 —
1487 1110 1531 1149 Si
1563 1110 1786 1165 Euripides

411 1182 523 1222 infra
545 1180 667 1223 1703.
700 1180 839 1239 τυφλὴν
862 1182 975 1240 χεῖρα
1003 1180 1128 1229 dixit,
1159 1187 1198 1220 et
1225 1181 1321 1236 plus
1348 1182 1472 1222 semel
1500 1182 1636 1238 τυφλὸν
1657 1181 1782 1237 πόδα,

415 1253 569 1308 quidni
599 1266 716 1292 nunc
747 1252 944 1292 manibus
974 1252 1124 1292 oculos
1156 1251 1341 1292 tribuere
1372 1254 1545 1308 potuit?

478 1322 602 1365 1318.
656 1323 742 1380 ἐμός
773 1340 812 1364 τε
846 1324 925 1383 γὰρ
959 1326 1050 1371 παῖς
1084 1323 1164 1365 κτὲ.
1211 1323 1334 1379 Fugit
1366 1338 1433 1364 me
1466 1325 1781 1373 anacoluthon,

418 1395 540 1451 quod
581 1395 839 1450 Interpretes
886 1395 1030 1436 vident
1084 1402 1123 1435 et
1177 1396 1336 1435 solvere
1386 1404 1613 1437 conantur.
1675 1396 1787 1436 Dicit

418 1466 558 1508 Creon
593 1479 634 1506 se
668 1466 831 1506 nescire
862 1466 1007 1520 ipsene
1037 1466 1162 1506 miser
1195 1466 1328 1521 magis
1369 1467 1443 1515 sit,
1485 1481 1538 1508 an
1571 1467 1684 1508 urbs.
1727 1467 1787 1506 De

417 1538 502 1578 hac
532 1543 697 1577 tantum
738 1537 858 1576 addit
902 1551 995 1577 eam
1043 1537 1172 1592 spissa
1213 1537 1394 1591 caligine
1420 1544 1598 1593 propter
1628 1538 1788 1578 bellum

417 1609 597 1657 involvi,
642 1608 775 1663 idque
805 1608 902 1648 satis
933 1615 1020 1648 erat
1052 1609 1095 1648 in
1126 1622 1171 1648 re
1202 1608 1397 1664 cognita:
1432 1615 1522 1649 tum
1554 1610 1673 1650 addit
1703 1608 1788 1666 ἐμός

421 1698 461 1723 τε
493 1682 571 1740 γάρ
603 1683 695 1728 παῖς
738 1679 819 1722 κτὲ.
864 1680 907 1720 in
951 1693 1040 1735 quo
1081 1695 1121 1721 τε
1161 1680 1354 1735 adiungit
1395 1680 1516 1735 quod
1557 1681 1612 1720 ad
1651 1681 1789 1721 filium

423 1758 589 1808 spectat
628 1758 668 1792 et
707 1766 730 1791 a
773 1750 955 1791 Creonte
996 1750 1114 1791 haud
1145 1751 1283 1790 minus
1313 1765 1440 1805 grave
1471 1751 1666 1801 ducitur3
1707 1756 1790 1812 γάρ

425 1837 600 1864 causam
636 1822 911 1862 indicatcur
942 1836 1062 1861 suam
1095 1822 1380 1862 calamitatem
1413 1828 1574 1862 tantam
1604 1823 1786 1872 iudicet,

424 1902 471 1936 ut
501 1909 581 1950 par
611 1894 662 1934 sit
693 1893 871 1949 publico
903 1892 1018 1932 urbis
1048 1892 1296 1933 discrimini.

486 1967 613 2006 1322.
655 1965 732 2020 ἐγὼ
764 1964 800 2006 δ’
824 1970 902 2010 ἥκω
935 1965 1036 2020 μετὰ
1069 1963 1150 2006 κτὲ.
1198 1964 1258 2004 Ex
1285 1963 1448 2004 incerta
1476 1965 1687 2020 scriptura
1720 1973 1793 2007 aut

424 2038 655 2094 legendum
683 2037 881 2092 colligas:
922 2036 998 2092 ἐγὼ
1029 2034 1065 2077 δ’
1089 2041 1168 2081 ἥκω
1202 2034 1375 2090 στελῶν,
1417 2043 1634 2090 expuncto
1663 2041 1793 2093 μετά,

429 2116 503 2149 aut
544 2108 620 2165 ἐγὼ
652 2107 790 2154 δ’ἦκω
823 2111 942 2164 μετά.
998 2108 1113 2148 Illud
1153 2107 1337 2147 coniecit
1378 2107 1666 2159 Hermannus3
1710 2109 1793 2150 hoc

427 2181 623 2221 Klotzius
661 2181 795 2220 tenuit
840 2193 939 2219 cum
979 2178 1172 2234 reliquis:
1219 2191 1347 2232 quem
1382 2177 1511 2217 miror
1540 2192 1628 2219 non
1660 2186 1796 2220 atten-

430 2252 537 2292 disse
567 2252 679 2291 illius
708 2251 1073 2299 observationem,
1121 2250 1165 2289 in
1195 2248 1401 2289 eiusmodi
1433 2250 1551 2289 tmesi
1578 2249 1796 2291 obiectum

428 2323 547 2364 verbi
583 2324 648 2363 vel
685 2322 944 2378 praecedere
984 2322 1048 2363 vel
1085 2321 1288 2369 interiici,
1333 2334 1572 2374 numquam
1602 2335 1701 2361 vero
1733 2336 1796 2363 se-

432 2395 523 2450 qui.
562 2394 745 2450 Fugerat
775 2393 860 2434 hoc
890 2392 1264 2436 Valckenaerium.
1313 2391 1428 2446 Ego,
1462 2398 1638 2447 recepto
1667 2396 1796 2449 μετά,

432 2466 578 2505 sustuli
621 2465 924 2520 anastrophen.
984 2463 1216 2504 Hermanni
1259 2461 1469 2502 correctio
1511 2475 1560 2502 eo
1601 2463 1797 2504 laborare

433 2537 600 2578 videtur
630 2536 752 2591 quod
779 2535 1002 2576 Creontem
1030 2536 1168 2575 minus
1199 2539 1402 2574 accurate
1428 2532 1641 2573 dicentem
1666 2534 1795 2575 faciat

432 2621 474 2646 se
504 2621 688 2647 sororem
719 2610 962 2647 missuram
988 2620 1121 2661 quam
1152 2605 1309 2646 venisse
1341 2611 1387 2644 ut
1415 2609 1679 2644 arcesseret.

497 2677 621 2717 1329.
659 2678 785 2717 Posui
817 2677 1107 2733 interrogandi
1139 2678 1305 2731 signum
1335 2681 1431 2730 post
1457 2679 1669 2734 συμφοράν.
1716 2675 1795 2715 Su-

436 2747 626 2803 spicatur
656 2748 766 2788 enim
793 2748 931 2789 Creon
963 2748 1248 2789 calamitatem
1277 2761 1325 2787 ex
1352 2745 1520 2786 insolito
1550 2760 1674 2786 cursu
1702 2760 1796 2786 niu-
