2020 3326
346 270 403 311 94
751 268 1309 311 COMMENTARIUS.

344 405 465 457 Quae
500 419 617 445 :nunc
653 416 705 444 ac
743 403 898 443 deinde
928 404 972 443 in
1018 405 1189 445 cantico
1220 405 1274 458 de
1306 405 1496 461 Capanei
1525 407 1708 450 insolen-

344 476 400 515 tia
439 475 542 514 dicit
574 475 715 528 virgo,
750 473 973 514 declarant
1005 474 1113 515 haec
1143 476 1319 530 quidem
1353 490 1446 517 eam
1475 479 1593 533 prius
1629 479 1709 520 do-

341 546 398 584 mi
429 559 478 584 ex
515 544 770 600 Paedagogo
805 545 955 585 eadem
987 546 1222 587 audivisse:
1270 561 1417 588 verum
1451 551 1708 591 convenien-

341 616 422 654 tius
459 615 573 654 duco
606 621 652 654 ut
680 628 838 655 nomen
863 615 1052 671 Capanei
1080 624 1153 657 aut
1183 632 1269 658 non
1309 620 1584 669 recordetur,
1631 628 1705 661 aut

339 699 456 725 nunc
489 692 602 726 certe
633 699 720 726 non
738 686 877 736 dicat,
910 688 1075 743 quippe
1101 689 1144 729 in
1172 695 1329 729 terrore
1355 691 1414 730 nil
1443 691 1520 730 nisi
1551 692 1709 733 alienas

337 758 473 796 minas
527 758 733 812 cogitans.
804 758 957 812 Itaque
1010 759 1266 815 paedagogo
1317 762 1525 815 pervelim
1578 762 1708 803 tribui

335 841 458 882 posse
490 829 696 876 Καπανεύς
708 847 725 882 ,-
759 827 893 877 ἐκεῖνος
925 829 1006 872 κτὲ.
1043 831 1241 871 Eiusdem
1273 833 1436 886 generis
1463 839 1559 872 sunt
1592 833 1706 889 Hesp-

330 899 539 953 pol.352.
576 900 798 942 Ἱππόλυτον
829 899 973 956 αὐδᾷς.
1011 901 1109 941 Hel.
1139 901 1232 942 134.
1265 901 1409 948 Λήδαν
1440 902 1603 958 ἕλεξας5
1647 906 1703 945 cf.

335 969 442 1010 ibid.
484 971 606 1012 1219.
661 972 819 1012 Troad,
855 972 953 1012 261.
998 972 1113 1012 unde
1158 973 1203 1012 in
1246 972 1425 1023 Oreste,
1467 976 1563 1016 751.
1611 984 1707 1030 post

337 1040 567 1102 Τυνδάρεων
602 1043 750 1099 λέγεις,·
793 1057 954 1093 errore,
994 1050 1039 1083 ut
1067 1050 1192 1098 puto,
1235 1044 1416 1085 editores
1443 1046 1609 1101 signum
1641 1047 1706 1086 in-

337 1115 633 1169 terrogationis
665 1116 909 1155 omiserunt.
957 1114 1091 1154 Attuli
1123 1121 1315 1164 tantum,
1345 1116 1506 1165 fateor,
1539 1117 1582 1156 in
1610 1118 1707 1172 qui-

334 1183 415 1224 bus
441 1198 597 1226 nomen
625 1187 849 1240 proprium
882 1200 980 1226 cum
998 1185 1127 1227 verbo
1160 1186 1342 1226 dicendi
1364 1187 1559 1227 iunctum
1586 1194 1705 1228 esset.

337 1255 482 1306 Quum
516 1256 559 1295 in
592 1264 766 1311 promtu
805 1270 892 1297 non
928 1258 1032 1306 sint,
1071 1257 1114 1296 in
1148 1257 1306 1312 quibus
1344 1258 1472 1307 desit,
1506 1259 1707 1315 intelligi—

336 1332 405 1365 tur
449 1332 621 1375 tamen,
675 1328 762 1367 sola
808 1329 1157 1382 pronuntiatione
1202 1342 1359 1369 nomen
1402 1329 1703 1386 interrogative

337 1396 474 1436 efferri
504 1410 627 1452 posse
660 1412 709 1438 eo
741 1412 864 1447 casu,
911 1399 987 1453 qui
1020 1399 1193 1438 alterius
1224 1400 1546 1456 interrogationi
1589 1415 1694 1442 con-

334 1474 480 1523 gruat:
527 1482 548 1507 a
592 1482 680 1523 quo
725 1470 986 1525 segreganda
1033 1476 1092 1509 est
1134 1470 1410 1525 interrogatio
1452 1472 1699 1513 admirantis

335 1539 399 1579 vel
430 1539 571 1578 iocose
596 1539 877 1595 indignantis,
911 1541 1032 1581 cuius
1062 1539 1292 1581 Comoedia
1318 1542 1446 1596 plena
1473 1549 1554 1591 est,
1587 1557 1702 1584 eam-

333 1623 419 1664 que
448 1610 684 1665 Tragoedia
713 1625 802 1651 non
833 1612 932 1651 fert:
966 1611 1080 1651 unde
1113 1612 1315 1652 excidisse
1340 1613 1497 1652 nollem
1531 1614 1703 1669 Sopho-

333 1681 388 1720 cli
418 1695 581 1722 versum
614 1683 834 1722 scurrilem
860 1681 932 1723 Αἱ.
963 1683 1087 1726 1127.
1114 1684 1312 1726 κτείναντα
1324 1703 1341 1739 ,-
1373 1683 1488 1726 δεινόν
1509 1685 1546 1740 γ’
1571 1687 1697 1742 εἶπας,

330 1752 362 1793 εἷ
393 1752 456 1793 καὶ
491 1756 559 1808 ζῇς
594 1754 741 1795 ίθανών.

393 1824 486 1865 185.
534 1826 582 1866 σύ
622 1842 675 1867 τοι
717 1826 995 1886 μεγαλανορίαν
1025 1827 1239 1888 ὑπεράνορα
1272 1829 1466 1885 κοιμίζοις.
1522 1829 1697 1870 Plurimi

329 1894 424 1934 libri
465 1897 669 1953 κοιμίζεις,
713 1898 833 1953 quod
878 1897 1214 1939 Valckenaerius
1256 1901 1472 1955 praetulit.
1522 1901 1694 1940 Klotzio

327 1969 542 2021 optativus
571 1976 749 2024 propter
778 1984 898 2009 usum
935 1987 989 2011 τοι
1022 1971 1262 2025 particulae
1296 1972 1364 2012 vix
1395 1985 1575 2026 graecus
1612 1985 1698 2012 esse

329 2037 570 2078 videbatur.
620 2039 663 2079 Si
698 2054 1026 2095 nonnumquam
1057 2058 1111 2083 τοι
1140 2042 1315 2096 ponitur
1346 2055 1445 2082 cum
1474 2043 1695 2098 imperati-

327 2121 403 2157 vo,
441 2110 592 2164 quidni
625 2124 723 2150 cum
756 2112 981 2166 optativo?
1026 2112 1114 2152 Nec
1146 2119 1400 2168 corruptum
1430 2113 1599 2155 videtur
1628 2127 1694 2154 ex.

330 2194 391 2234 gr.
432 2180 477 2219 in
506 2180 705 2236 Aeschyli
744 2182 825 2238 Ag.
857 2183 955 2223 355.
1009 2187 1169 2226 τοιαῦτά
1211 2201 1265 2226 τοι
1307 2184 1480 2240 γυναικὸς
1520 2183 1561 2234 ἐξ
1604 2184 1694 2241 ἐμοῦ

328 2249 467 2298 κλύοις.
524 2252 573 2291 In
615 2252 859 2293 huiusmodi
898 2254 1111 2304 dictione,
1161 2257 1337 2310 opinor,
1383 2273 1437 2298 τοι
1472 2256 1605 2312 magis
1642 2255 1697 2296 ad

327 2329 575 2375 precantem
612 2324 678 2364 vel
726 2331 969 2364 monentem
1005 2326 1212 2380 pertinet,
1268 2340 1401 2381 quam
1447 2327 1502 2367 ad
1545 2339 1694 2382 preces

328 2392 393 2431 vel
426 2394 654 2434 monitum:
691 2395 903 2451 Antigone
934 2397 1045 2436 enim
1083 2404 1224 2437 censet
1257 2397 1368 2438 Iovis
1407 2411 1516 2446 esse,
1564 2397 1694 2451 quip-

328 2475 383 2515 pe
406 2464 592 2518 supremi
623 2465 773 2520 Regis,
803 2466 979 2507 fulmine
1007 2467 1257 2522 Capaneum
1284 2468 1421 2508 ferire.
1464 2468 1616 2521 Itaque
1642 2467 1690 2508 σύ

330 2547 383 2573 τοι
415 2535 643 2575 arctissime
679 2536 826 2577 iuncta
865 2544 975 2577 sunt.
1029 2538 1113 2578 Sed
1149 2539 1370 2594 quaeritur
1406 2538 1567 2578 feratne
1597 2550 1693 2577 sen-

330 2604 460 2643 tentia
502 2605 780 2647 indicativum
817 2608 992 2648 modum
1034 2623 1088 2649 an
1129 2610 1383 2665 optativum.
1443 2608 1531 2662 Ego
1574 2607 1692 2648 hunc

329 2674 546 2728 requirere
575 2683 705 2730 puto:
741 2680 895 2718 etenim
925 2680 1057 2734 magis
1086 2680 1173 2720 huc
1202 2679 1417 2733 quadrant
1443 2691 1567 2718 verae
1593 2692 1693 2733 pre-

331 2756 400 2784 ces
430 2743 694 2800 Antigonae,
736 2763 867 2802 quam
899 2750 1019 2792 locus
1049 2750 1306 2799 eommunis,
1351 2749 1524 2804 qualem
1561 2749 1691 2790 refert
