2020 3326
713 256 1284 299 COMMENTARIUS.
1608 263 1687 302 155

313 396 466 436 ctionis
498 395 712 451 vulgatae.
737 394 844 435 ,Sed
874 394 1065 435 abstineo
1097 395 1152 435 ab
1184 395 1337 437 horum
1368 399 1685 455 exploratione,

312 481 365 507 ne
388 468 559 507 Klotzio
587 467 790 507 molestus
811 467 902 506 sim.
941 467 1105 507 Locum
1133 467 1251 508 haud
1278 469 1408 510 dubie
1435 478 1690 527 corruptum

312 540 517 594 permulti
563 545 833 579 tentaverunt
879 539 1164 587 coniecturis,
1216 555 1404 594 quarum
1454 544 1689 583 nonnullae

315 617 436 659 sunt,
484 625 593 665 quas
633 610 763 650 satius
807 616 867 649 est
919 624 1007 650 non
1054 611 1264 661 refutare3
1321 614 1428 653 aliae
1470 615 1688 669 speciosae

313 695 428 736 qnae
453 695 578 722 verae
601 695 687 721 esse
714 695 802 721 non
824 688 1020 737 possunt:
1056 683 1173 723 velut
1196 684 1420 740 Hartungii
1446 686 1501 726 ad
1534 687 1688 742 Ipln'g.

313 751 418 792 Aul.
442 752 544 792 656.
577 753 626 801 ὡς
649 754 743 801 παῖς
775 757 952 799 ‘rocam-ri:
986 767 1075 793 non
1107 755 1220 794 enim
1258 756 1516 810 probabitur
1554 759 1692 814 prius-

313 837 447 878 quam
476 824 827 865 demonstraverit
859 826 936 865 ista
965 839 1089 880 posse
1126 826 1388 882 significare:
1424 844 1530 869 nam
1557 831 1691 884 puel-

312 896 360 935 la
395 896 610 950 infirma,
654 903 727 936 aut
760 911 893 936 unum
925 897 1169 952 exemplum
1199 900 1440 953 protulerit.
1489 900 1692 941 Omnium

314 967 647 1023 ingeniosissime
677 968 965 1008 Hermannus:
994 969 1045 1017 ὡς
1067 971 1157 1018 παῖς
1180 970 1232 1012 ἔτ’
1255 971 1397 1016 cim-riv.
1444 973 1523 1012 Hic
1554 988 1691 1027 quum

314 1039 516 1080 vocabuli
551 1040 678 1085 ἀπτήν
716 1054 838 1080 usum
870 1041 1096 1096 proprium
1132 1048 1172 1081 et
1204 1043 1456 1083 translatum
1487 1045 1693 1099 exemplis

314 1110 540 1166 probaret,
565 1112 702 1152 omisit
723 1111 872 1151 afferre
889 1126 939 1151 ex
962 1111 1131 1167 Oedipo
1149 1113 1378 1168 Sophoclis
1397 1129 1452 1155 vs.
1478 1116 1544 1155 15.
1572 1116 1604 1156 οἱ
1626 1116 1693 1171 μὲν

315 1181 467 1224 οὐδέπω
499 1184 654 1243 μακρὰν
696 1183 865 1225 Πτέσθαι
907 1184 1118 1238 σθένον-τες,
1159 1185 1191 1225 οἱ
1223 1183 1267 1227 δὲ
1300 1184 1368 1226 σὺν
1399 1191 1501 1246 γήρᾳ
1541 1186 1688 1247 βαρεῖς.

318 1254 367 1294 In
390 1254 453 1294 his
470 1269 570 1295 vero
590 1254 843 1309 Sophocleis
866 1270 1003 1309 quum
1024 1255 1129 1295 nihil
1151 1256 1361 1297 audaciae
1383 1260 1454 1306 sit,
1474 1272 1562 1299 non
1584 1274 1694 1315 opus

317 1332 407 1366 erat
429 1333 475 1366 ut
502 1333 779 1366 excusaretur
807 1326 861 1366 ab
888 1327 1129 1382 Musgravio
1153 1328 1394 1383 Euripideis
1419 1329 1576 1371 Troad.
1593 1332 1692 1373 752.

318 1404 359 1437 et
392 1396 522 1437 Ilere.
552 1398 660 1438 Fur.
689 1398 757 1439 72.
797 1397 870 1438 ubi
903 1398 946 1438 in
978 1399 1303 1453 comparatione
1336 1401 1590 1456 metaphora
1622 1403 1694 1443 ad-

317 1468 502 1509 hibetur.
547 1469 597 1510 ln
628 1469 902 1510 Phoenissis
932 1477 1165 1526 propterea
1204 1473 1295 1520 παῖς
1325 1472 1375 1513 ἔτ’
1408 1473 1535 1519 aii-:Tria
1571 1475 1694 1515 nimis

318 1540 459 1580 audax
489 1540 679 1590 videtur,
715 1541 838 1596 quod
865 1555 1014 1591 seneX‚
1046 1542 1122 1597 qui
1151 1549 1294 1584 tamen
1322 1544 1505 1594 incedit,
1537 1545 1695 1586 decore

317 1613 562 1667 comparari
599 1613 751 1667 nequit
793 1627 893 1654 eum
934 1614 1057 1669 pullo
1089 1615 1282 1655 nondum
1321 1616 1551 1666 volitante,
1595 1619 1623 1657 i.
1656 1632 1692 1659 e.

317 1698 417 1724 cum
449 1698 585 1739 puero
615 1685 692 1740 qui
723 1691 936 1741 portatur.
969 1710 1027 1716 —-
1052 1686 1101 1726 In
1129 1687 1227 1727 loco
1255 1687 1481 1743 desperato
1514 1689 1696 1730 aliorum

317 1755 633 1811 suspicionibus
664 1757 846 1797 accedat
874 1756 983 1797 haec
1012 1771 1128 1798 mea:
1162 1759 1345 1801 maz'ow'
1377 1761 1503 1809 ἀπήνη
1535 1762 1625 1809 πούς
1655 1777 1694 1803 τε

317 1827 398 1868 κτὲ.
444 1827 671 1882 Quidquid
696 1834 840 1868 autem
870 1842 1001 1884 porro
1027 1830 1304 1880 conficietur,
1346 1832 1579 1872 tenendum
1616 1833 1694 1873 erit

317 1900 426 1938 senis
452 1898 643 1938 infirmos
672 1899 828 1955 pedes,
862 1914 1022 1955 eosque
1054 1902 1198 1942 eundo
1230 1903 1474 1952 exhaustos,
1514 1917 1693 1959 compa-

318 1969 402 2008 rari
445 1969 499 2009 ab
532 1970 738 2024 Euripide
779 1984 879 2010 cum
909 1972 1057 2027 aliqua
1097 1987 1141 2012 re
1175 1980 1249 2014 aut
1279 1989 1356 2029 per
1387 1989 1429 2014 se
1460 1974 1590 2015 debili
1622 1983 1695 2016 aut

322 2040 558 2080 accedente
595 2054 723 2080 causa
759 2041 996 2082 debilitata.
1054 2043 1214 2084 Mireris
1255 2051 1398 2085 autem
1436 2047 1567 2100 paulo
1600 2054 1696 2102 post

320 2111 521 2150 Tiresiam
550 2110 667 2151 abire
694 2112 824 2161 velle,
859 2113 984 2167 quasi
1012 2115 1100 2154 sine
1132 2116 1287 2155 comite
1315 2117 1514 2157 incedere
1541 2119 1690 2173 possit,

323 2188 412 2221 tum
444 2195 544 2221 mox
579 2195 731 2238 rogare
762 2182 835 2223 ubi
866 2184 916 2224 sit
950 2185 1218 2226 Menoeceus.
1266 2187 1598 2244 Intelligendum
1632 2191 1695 2230 vi-

320 2253 446 2293 detur
476 2267 595 2302 eum,
639 2254 782 2294 animo
815 2262 1077 2296 commotum
1109 2263 1148 2296 et
1181 2258 1297 2298 abire
1330 2260 1567 2310 volentem,
1609 2261 1693 2301 ful-

322 2324 471 2363 cientis
513 2323 795 2365 adolescentis
838 2340 1013 2367 manum
1052 2328 1239 2377 mittere,
1285 2336 1375 2370 tum
1413 2338 1511 2386 post
1549 2347 1694 2388 pauca

323 2394 452 2435 verba
470 2401 625 2449 putare
643 2396 827 2436 eundem
845 2411 1017 2438 scenam
1034 2400 1268 2454 reliquisse.
1298 2401 1552 2443 Prudentius
1580 2404 1695 2445 idem

322 2466 498 2506 Tiresias
534 2466 577 2506 in
610 2466 839 2522 Sophoclis
876 2467 980 2508 Oecl.
1014 2469 1058 2509 T.
1087 2470 1187 2510 444.
1227 2472 1270 2512 in
1301 2472 1423 2513 simili
1454 2488 1521 2525 re;
1562 2479 1695 2534 ἄπειμι

323 2538 464 2579 τοίνυν
501 2537 565 2578 καὶ
598 2537 673 2593 σὺ,
708 2540 809 2594 παῖ,
842 2541 973 2595 κόμιζέ
1004 2557 1064 2596 με.
1095 2566 1152 2572 —
1179 2542 1264 2583 Sed
1294 2544 1546 2600 priusquam
1575 2547 1693 2588 hunc

324 2609 469 2650 locum
514 2611 735 2665 relinquo,
781 2611 889 2651 duos
918 2610 1270 2667 Agamemnonis
1306 2614 1529 2671 Aeschylei
1561 2618 1694 2674 inspi-

324 2681 457 2731 ciam,
502 2682 543 2722 in
574 2681 734 2737 quibus
770 2682 1059 2724 diiudicandis
1095 2684 1150 2739 ab
1192 2686 1435 2728 Hermanno
1470 2688 1690 2730 dissentio:

321 2766 408 2792 non
439 2766 587 2794 vereor
603 2754 713 2794 enim
730 2768 784 2794 ne
812 2754 882 2795 hic
902 2769 989 2796 non
1012 2755 1215 2798 lubentur
1240 2759 1451 2813 patiatur,
1486 2761 1517 2800 si
1537 2761 1695 2802 utiliter
