2020 3326
608 205 1174 251 COMMENTARIUS.
1502 215 1582 254 1:39

207 341 376 382 saltem:
425 342 511 385 »Vi
545 343 705 383 eiectus
744 358 836 385 sum
871 360 895 385 a
928 345 1080 386 fratre:
1125 347 1273 403 itaque
1311 349 1466 391 invitus
1503 366 1581 407 pa-

210 413 314 453 triae
346 428 463 454 arma
501 414 700 455 insero:’'
746 412 956 457 est'enim
996 419 1148 458 eiectio
1186 420 1257 460 illa
1294 422 1583 479 praecipuum

210 485 252 525 in
277 484 584 536 obtestatione,
614 488 890 543 primumque
916 488 993 528 sibi
1021 490 1166 530 locum
1190 492 1452 534 vindicabat.
1488 495 1585 537 Non

211 557 434 611 culparem
476 557 560 598 hoc
606 559 673 598 vel
710 560 866 600 simile:
920 561 994 617 οὐχ
1035 561 1130 604 ἑκὼν
1171 565 1249 623 γὰρ
1292 562 1438 621 ἦλθον,
1480 570 1584 609 ἄκων

209 627 417 687 δ’ἐχθρὸς
459 627 689 688 ἐγχρίμπτω
729 632 861 687 χθονί.
906 633 1174 688 Deprecatur
1219 637 1395 693 eulpam
1437 639 1582 680 damni

206 714 256 740 ex
287 701 405 740 illato
437 700 574 742 bello:
610 701 693 742 1100
728 704 970 759 urgendum
1000 713 1116 755 erat,
1150 722 1237 748 non
1267 709 1474 750 inutiliter
1502 712 1584 752 ite—

204 772 340 812 randa
378 785 534 813 causae
575 777 941 816 commemoratio.
991 777 1032 817 Si
1069 779 1237 834 scripsit
1268 779 1385 821 hunc
1417 797 1585 824 versum

208 844 452 899 Euripides,
484 846 592 900 quid
618 846 758 888 obstat
788 862 877 904 quo
905 850 1044 889 minus
1070 851 1433 906 reprehendamus
1463 856 1585 910 quod

208 916 472 972 imprudenti
508 917 699 958 excidit?

265 987 368 1027 639.
410 986 509 1038 ἔξιθ’
543 989 585 1030 ἐκ
621 992 771 1050 χώρας.
808 992 888 1031 Hic
913 993 1091 1048 quidem
1117 995 1352 1050 prudenter
1376 997 1585 1037 utendum

207 1065 267 1099 est
297 1061 540 1115 praeceptis
566 1062 735 1102 Kusteri
764 1063 818 1103 ad
846 1063 973 1104 Arist.
1005 1065 1171 1105 Τήρεω.
1197 1067 1294 1106 115.
1326 1075 1366 1108 et
1393 1068 1582 1110 Valcke-

206 1131 340 1171 naerii
366 1145 417 1172 ae
443 1132 600 1172 Klotzii
627 1133 683 1173 ad
710 1133 883 1174 Phoen.
908 1150 965 1176 VS.
991 1136 1031 1176 6.
1059 1151 1113 1177 110
1141 1144 1339 1192 putemus
1366 1140 1583 1181 Eteoelem

208 1203 372 1243 dicere:
405 1206 481 1244 exi
506 1206 689 1260 regione
719 1205 939 1246 Thebana.
964 1208 1049 1247 Nisi
1074 1216 1314 1263 peccarunt
1334 1210 1494 1250 librarii
1519 1213 1585 1252 vel

209 1274 454 1324 histriones,
500 1277 634 1334 χώρας
682 1277 874 1332 designat
911 1279 1046 1333 ipsam
1086 1279 1258 1321 urbem:
1297 1296 1415 1322 nunc
1449 1284 1581 1333 enim,

208 1353 440 1401 postquam
463 1348 686 1388 altercatio
716 1349 771 1389 ad
793 1364 1001 1390 summam
1023 1351 1294 1392 iracundiam
1322 1361 1470 1394 evecta
1497 1362 1581 1405 est,

207 1418 550 1474 exclamavitque
586 1421 801 1462 Eteocles:
845 1418 983 1482 ἐρρέτω
1015 1425 1168 1483 πρόπας,
1204 1423 1351 1481 δόμος,
1396 1433 1437 1466 et
1478 1428 1584 1467 alter

208 1490 389 1529 alterum
433 1490 489 1530 ad
528 1491 786 1546 singularem
827 1509 1019 1550 pugnam
1059 1497 1276 1547 evocavit,
1321 1512 1409 1538 non
1443 1505 1583 1555 potest

208 1562 401 1601 Eteocles
443 1563 617 1603 fratrem
666 1566 863 1619 apposite
904 1567 1050 1608 iubere
1108 1576 1154 1609 ut
1199 1570 1414 1626 regionem
1455 1571 1584 1611 relin-

208 1639 337 1687 quat,
371 1634 448 1688 qui
480 1648 579 1675 eum
608 1637 798 1676 exercitu
829 1637 923 1678 urbi
956 1639 1156 1681 adstaret.

264 1703 365 1745 645.
416 1702 458 1747 οὗ
500 1708 713 1749 κατοικίσαι
756 1708 884 1751 Πεόία
925 1711 1006 1752 κτὲ.
1065 1713 1146 1764 Qui
1190 1721 1333 1770 spreto
1372 1716 1585 1759 κατοικίσαι

211 1776 343 1831 (quae
376 1777 504 1818 lectio
542 1786 706 1821 servata
746 1787 805 1821 est
852 1797 876 1823 a
919 1783 1185 1840 Selioliastis)
1231 1787 1412 1827 retinent
1453 1788 1584 1828 libro-

208 1862 302 1887 rum
329 1850 586 1904 scripturam
613 1855 844 1911 κατῴκισευ,
876 1854 953 1895 hos
977 1856 1086 1912 fugit
1112 1857 1327 1913 iungenda
1358 1873 1443 1899 esse
1466 1856 1508 1901 οὗ
1528 1885 1585 1890 ——

208 1923 267 1961 ἵνα
289 1935 356 1976 τε,
383 1921 466 1961 hae
495 1925 725 1965 sententia:
756 1941 894 1966 vacca
925 1928 1158 1968 oraculum
1189 1930 1385 1983 explevit
1420 1931 1489 1985 (eo
1519 1932 1584 1971 lo-

210 1991 309 2047 co),
354 1993 432 2032 ube·
465 1993 593 2034 Deus
630 1995 846 2037 Cadmum
884 2001 1088 2039 iusserat
1108 1999 1305 2053 ferliles
1343 2017 1481 2058 agros
1511 2006 1585 2045 ἰη-

208 2064 375 2112 colere,
409 2069 451 2104 et
481 2065 560 2104 uba·
583 2066 724 2107 Dirce
753 2082 933 2123 campos
948 2069 1139 2124 feraces
1165 2074 1348 2127 irrigat.
1384 2073 1586 2116 Omnium

210 2135 298 2174 fere
315 2135 603 2191 Interpretum
630 2151 842 2179 assensum
875 2141 969 2180 tulit
987 2143 1155 2198 egregia
1185 2144 1434 2185 coniectura
1451 2146 1583 2188 Vale-

210 2207 424 2256 keiiaerii,
465 2206 633 2263 Ἀόυων,
666 2223 746 2264 pro
784 2209 928 2266 δόμων.
976 2212 1071 2253 Νο11
1112 2215 1334 2269 amplexus
1368 2223 1427 2256 est
1458 2218 1584 2258 Klot-

209 2279 323 2323 zius,
367 2279 445 2334 qui
488 2281 721 2335 genitivum
753 2281 870 2323 hune
901 2284 1121 2339 explicans
1158 2292 1276 2326 certo
1312 2287 1467 2329 frustra
1505 2296 1580 2330 est.

210 2350 323 2389 Ferri
363 2357 525 2405 posset:
568 2348 609 2393 οὗ
653 2355 866 2396 κατοικίσαι
894 2354 899 2410 Ι
927 2354 1042 2397 πεδία
1084 2355 1151 2412 μὲν
1184 2357 1226 2399 τὸ
1257 2359 1451 2418 θέσφατον
1479 2359 1483 2416 1
1511 2377 1583 2404 πυ-

211 2423 352 2482 ροφόρα
396 2420 535 2479 δόμους
578 2426 697 2485 ἕχρηε
743 2433 783 2466 et
822 2441 1088 2482 quamquam
1130 2430 1467 2472 Valckenaerius
1507 2434 1582 2474 de-

211 2495 460 2536 monstravit
490 2510 645 2538 nomen
674 2497 844 2539 Aonum
875 2499 962 2539 fere
990 2501 1175 2541 solemne
1205 2516 1290 2543 esse
1317 2503 1583 2561 ubicumque

211 2572 366 2620 poetae
396 2567 514 2607 istius
544 2570 730 2623 portenti
763 2571 1022 2611 mentionem
1053 2573 1238 2623 faciant,
1278 2575 1322 2615 in
1354 2575 1439 2617 hoc
1468 2585 1584 2618 certe

212 2636 575 2680 Phoenissmmn
609 2642 704 2681 loco
738 2642 877 2682 omitti
908 2649 1078 2697 poterat
1110 2652 1288 2700 propter
1317 2649 1582 2703 praeceden-

211 2708 290 2748 tia:
339 2709 507 2765 Κάδμος
552 2713 659 2767 {mole
704 2713 860 2755 τάνδε
896 2722 1003 2769 γαῖν.
1056 2716 1220 2758 Nomen
1260 2725 1373 2760 certe
1412 2720 1582 2762 Aonum
