2020 3326
429 287 509 328 154
828 280 1386 324 COMMENTARIUS.

421 422 603 477 pertinet
635 420 690 459 ad
717 419 926 473 pleraque
957 428 1071 470 quae
1098 414 1270 469 collegit
1298 413 1456 453 Gellius
1482 413 1537 454 N.
1554 413 1605 453 Λ.
1622 415 1721 463 XII,
1742 416 1784 455 9.

421 494 495 547 qui
528 492 581 530 (le
612 487 962 542 interpretatione
993 485 1193 526 vocabuli
1223 485 1362 524 honos
1392 485 1434 524 111
1464 484 1602 526 verbis
1629 485 1783 525 Metelli

420 570 460 602 et
486 564 572 617 ipse
599 560 772 607 erravit,
801 565 842 598 et
865 558 908 597 in
935 570 1119 596 errorem
1146 557 1271 596 traxit
1296 555 1505 595 Murelum
1541 555 1638 595 Var.
1664 556 1779 596 leet.

421 632 503 681 VI,
542 630 606 671 18.
654 655 710 660 —
754 629 850 668 Non
889 628 1007 682 prius
1052 628 1218 667 mittam
1262 626 1374 666 hano
1419 626 1781 681 disquisitionem,

418 716 549 758 quam
580 701 718 741 obiter
748 700 997 754 quaesivero
1029 698 1082 738 de
1120 697 1300 746 Oreste,
1340 696 1462 738 1238.
1501 697 1632 739 οὐκοῦν
1662 696 1784 745 ὀνείδη

419 772 516 815 τάδε
548 772 669 813 κλύων
702 770 802 830 ῥύσει
835 771 976 825 τέκναὶ
1020 783 1119 809 nam
1154 783 1208 808 ne
1245 768 1480 808 lenissimae
1511 769 1687 823 quidem
1719 783 1785 808 re-

417 843 687 900 prehensioni
726 843 846 881 loeus
876 848 965 881 erat
1007 840 1084 896 (cf.
1108 838 1188 880 581
1220 839 1361 894 sqq.)‚
1395 853 1537 894 neque
1572 840 1680 879 bene
1720 840 1783 879 sa-

418 922 584 955 ctorum
610 913 840 970 ὑπομνήσει,
872 926 1004 967 quam
1033 911 1257 951 somniavit
1277 910 1558 959 Scholiastes,
1590 911 1784 950 Homeri-

421 1001 518 1027 cum
549 986 726 1028 ὀνείδισον
758 985 980 1025 conferens
1015 982 1150 1038 (11.1,
1175 981 1299 1036 211).
1343 981 1505 1036 Aptum
1537 995 1585 1021 ea
1616 987 1783 1021 senten-

417 1059 471 1098 tia
496 1065 599 1098 esset
628 1055 781 1111 ὀνείὸη,
815 1056 845 1095 si
872 1068 951 1110 pro
982 1060 1102 1094 tanto
1132 1067 1274 1093 amore
1307 1059 1346 1093 et
1370 1052 1559 1094 vindicta
1586 1053 1785 1107 vitaeque

414 1130 607 1184 periculo
656 1135 823 1184 patrem
862 1126 968 1166 nihil
1014 1125 1159 1166 adhue
1198 1124 1435 1179 reposuisse
1485 1131 1781 1178 quererentur.

414 1201 549 1240 Immo
585 1200 777 1247 Orestes,
827 1199 996 1238 Electra
1037 1203 1077 1236 et
1118 1196 1300 1251 Pylades
1347 1201 1513 1235 tantum
1552 1202 1786 1250 precantur

414 1271 744 1327 Agamemnonis
773 1283 917 1309 manes
954 1275 1000 1308 ut
1029 1269 1073 1307 in
1106 1274 1297 1322 tempore
1329 1266 1467 1306 adsint
1503 1267 1667 1306 facinus
1705 1281 1780 1307 au-

416 1342 634 1382 dentibus:
678 1353 902 1395 quumque
933 1338 1099 1379 Orestes
1130 1338 1302 1378 dixerit:
1352 1334 1383 1378 ὦ
1415 1336 1533 1394 δῶμα
1565 1338 1677 1379 ναίων
1719 1355 1782 1379 νύ-

415 1414 501 1461 κτὸς
532 1413 708 1473 ὀρφναίας
738 1415 884 1470 πάτερ,
918 1417 958 1450 et
985 1411 1175 1450 Electra:
1213 1410 1244 1450 εἰ
1274 1410 1392 1457 κλύεις
1424 1412 1496 1450 ἔσω
1527 1410 1684 1465 χθονός,
1717 1424 1783 1449 ex·

415 1492 579 1540 spectes
618 1491 664 1524 ut
706 1482 887 1537 Pylades
931 1481 1063 1521 simile
1103 1487 1403 1520 commemoret
1445 1481 1488 1520 in
1530 1481 1611 1521 hac
1657 1482 1784 1520 trium

416 1556 732 1611 conspiratione
763 1560 803 1593 et
831 1552 1038 1606 colloquii
1069 1551 1276 1598 artifiei03
1310 1551 1529 1599 nimirum,
1563 1551 1684 1606 quod
1716 1566 1781 1591 re-

415 1627 529 1666 stitui
562 1626 709 1674 velim,
744 1624 875 1665 ούκοῦν
908 1622 945 1664 ἐν
977 1620 1115 1663 ’Ἃιδου
1147 1620 1246 1663 τάδε
1280 1622 1401 1663 κλύων
1433 1623 1513 1664 κτέ.

470 1697 551 1738 851
587 1711 652 1752 sq.
706 1696 755 1744 ὡς
796 1695 889 1738 πᾱσ’
934 1695 1057 1741 ἀπήνη
1100 1694 1191 1741 πούς
1232 1709 1271 1735 τε
1316 1692 1528 1753 πρεσβύτου
1561 1692 1659 1751 φιλεῖ
1696 1693 1778 1734 κτὲ.

416 1768 672 1809 Seliaeferus
703 1768 810 1808 haec
841 1768 993 1807 frustra
1026 1766 1242 1820 explicare
1274 1771 1454 1805 conatus
1485 1772 1566 1805 est:
1603 1765 1672 1804 alii
1702 1765 1784 1804 du-

416 1841 569 1882 bitant.
617 1840 810 1880 Klotzius
841 1838 1085 1894 nuperrime
1115 1837 1291 1877 miratus
1321 1843 1380 1877 est
1411 1837 1599 1892 potuisse
1630 1850 1783 1891 quem-

416 1926 547 1967 quam
589 1912 633 1951 in
673 1911 736 1950 his
765 1910 904 1952 verbis
944 1909 1133 1949 haerere.
1190 1908 1401 1963 Equidem
1436 1908 1519 1947 hoe
1559 1914 1781 1961 exspecta-

412 1984 512 2023 bam
526 2015 535 2031 ,
556 1996 643 2023 non
659 1995 759 2023 vero
787 1986 1035 2037 argumenta
1053 1980 1197 2034 qualia
1216 1980 1393 2034 promsit
1411 1979 1473 2020 *sir
1489 1978 1756 2018 doctissimus
1771 2009 1780 2026 ‚

416 2055 537 2095 cuius
579 2054 688 2094 haec
728 2052 1024 2108 interpretatio
1062 2057 1148 2091 est:
1195 2049 1312 2091 Nam
1353 2064 1478 2090 omne
1510 2049 1780 2097 vehiculum,

416 2126 468 2166 id
494 2130 582 2173 est,
624 2139 749 2165 omne
783 2124 835 2164 z'cl
868 2123 990 2178 quod
1017 2122 1160 2177 pulsa
1200 2124 1409 2177 agitatur
1445 2126 1651 2167 externo,
1692 2135 1783 2160 nou

417 2202 538 2236 mota
566 2198 784 2236 interiore
813 2201 855 2235 et
877 2209 976 2242 suo,
997 2207 1172 2249 pesque
1198 2195 1321 2233 senis
1347 2192 1460 2232 solet
1486 2205 1647 2232 manus
1670 2191 1783 2231 alle-

419 2282 505 2307 nae
550 2271 813 2322 exspectare
860 2266 1204 2305 allevationem:
1259 2264 1380 2304 euius
1423 2262 1783 2318 interpretationis

418 2338 651 2378 bonitatem
678 2351 809 2393 porro
841 2336 1046 2377 vindieat.
1092 2335 1176 2374 Sed
1206 2335 1345 2374 omisit
1374 2340 1574 2388 reputare
1606 2345 1783 2387 compa-

418 2408 686 2462 parationem
725 2408 822 2448 satis
850 2407 933 2447 iam
962 2406 1190 2446 ridiculam
1219 2406 1348 2459 plane
1377 2404 1686 2445 intolerabilem
1718 2416 1782 2441 es-

419 2492 482 2523 se.
517 2478 743 2518 deficiente
760 2478 884 2517 tertio
902 2476 1258 2531 comparationis:
1290 2476 1316 2515 i.
1343 2489 1380 2515 e.
1413 2475 1560 2515 eadem
1590 2474 1633 2512 in
1663 2472 1781 2513 vehi-

422 2549 520 2588 eulo
552 2551 812 2589 necessaria
838 2547 1079 2596 debilitate,
1114 2561 1227 2602 quae
1253 2553 1313 2587 est
1336 2547 1380 2586 in
1407 2545 1517 2600 pede
1547 2545 1675 2592 senis3
1705 2543 1781 2582 de-

422 2618 561 2658 bilitas
590 2626 730 2659 autem
755 2619 877 2674 pedis
906 2619 1045 2659 senilis
1076 2618 1252 2674 cogitari
1280 2617 1430 2672 nequit
1460 2621 1575 2655 extra
1603 2627 1779 2668 eompa-

420 2690 626 2729 rationem
663 2690 811 2730 aetatis
845 2696 1042 2745 vegetae:
1083 2689 1197 2728 unde
1227 2687 1420 2742 sequitur
1449 2685 1553 2725 nihil
1586 2684 1779 2724 conferre

423 2760 813 2814 interpretationem
842 2760 999 2800 Klotzii
1028 2760 1083 2800 ad
1116 2759 1348 2799 tollendam
1382 2755 1686 2798 absurditatem
1720 2756 1778 2795 le-
