2020 3326
386 229 466 271 106
779 227 1340 270 COMMENTARIUS.

378 365 603 426 μετέρχεται
635 362 791 420 δόμους.
826 361 1025 418 Plerique
1057 362 1152 403 libri
1180 370 1277 418 post
1305 363 1408 424 ὁρμᾷ
1436 365 1639 406 insertum
1666 366 1743 408 ha-

378 438 480 478 bent
523 439 631 483 παῖς.
684 435 794 474 Hinc
834 440 962 474 natae
1003 440 1100 474 sunt
1142 436 1417 476 coniecturae
1446 438 1740 492 interpretum.

378 507 506 560 Quod
540 506 734 546 Klotzius
774 505 960 545 coniecit
990 507 1082 554 παῖς
1117 512 1260 547 ortum
1291 521 1378 547 esse
1405 521 1455 547 ex
1483 508 1742 563 compendio

374 578 554 619 nominis
595 576 834 631 PolyniciS‚
884 577 1059 618 fortasse
1100 591 1188 618 non
1233 578 1407 619 tenebit.
1467 579 1673 635 Suspicor
1702 580 1745 620 in

375 650 554 704 antiquo
597 647 706 688 libro
747 650 838 696 παῖς
873 649 1213 705 superscriptum
1253 650 1320 691 vel
1359 651 1403 690 in
1440 652 1630 706 margine
1666 650 1745 691 ad-

371 720 578 775 scriptum
617 720 741 759 fuisse
777 720 1022 775 pronomini
1056 723 1123 776 ὄς,
1156 721 1336 777 glossam
1372 723 1600 762 rectissime
1633 722 1743 762 rela-

370 797 457 831 tam
481 791 537 831 ad
562 805 622 832 vs.
640 790 742 831 256.
773 790 901 834 παισὶν
933 790 1118 848 Οἰδίπου,
1143 806 1197 833 ne
1223 793 1320 848 quis
1344 794 1481 833 lector
1506 800 1677 848 putaret
1702 797 1741 841 ὅς

365 863 511 903 referri
539 863 594 902 ad
624 863 889 903 intellectum
920 877 1076 905 nomen
1114 865 1341 918 Polynicis.
1392 865 1475 916 Qui
1510 865 1654 905 locum
1685 865 1744 905 ita

370 934 592 990 corrigunt
636 940 682 973 ut
722 941 888 975 servent
925 937 1015 983 παῖς
1056 937 1192 975 eiecto
1225 938 1294 990 ὃς,
1336 934 1377 974 hi
1423 949 1511 975 non
1543 935 1743 977 videntur

369 1006 467 1045 satis
513 1005 799 1045 considerasse
838 1005 883 1046 in
916 1007 1122 1046 sententia
1159 1006 1321 1062 requiri
1361 1006 1482 1047 alter
1512 1005 1740 1060 filiorum,

369 1077 496 1132 eique
523 1077 700 1131 simplex
731 1079 823 1125 παῖς
855 1077 973 1118 haud
1006 1092 1247 1133 congruum
1281 1092 1382 1118 esse.

425 1147 525 1189 266.
571 1148 638 1190 οὐκ
673 1148 854 1210 ἐκφρῶσ’.
901 1150 1017 1190 Haec
1045 1150 1198 1199 lectio,
1240 1164 1320 1205 pro
1348 1150 1461 1204 vulg.
1496 1149 1537 1191 οὐ
1570 1150 1740 1206 μ.ε5ῶσ’,

367 1226 568 1260 monente
617 1220 802 1276 Bergkio
847 1221 1129 1277 probabiliter
1171 1221 1364 1261 desumta
1408 1227 1468 1260 est
1510 1234 1560 1261 ex
1600 1228 1742 1263 vetere

370 1291 561 1332 Scholio.
612 1290 678 1331 Ibi
723 1292 821 1332 cod.
863 1293 1001 1333 Havn.
1052 1292 1085 1334 οἳ
1126 1292 1193 1349 μὲν
1233 1296 1443 1353 γράφουσιν
1483 1293 1550 1335 οὐκ
1583 1293 1743 1354 ἐφρῶσιν

374 1362 497 1418 (sic),
530 1375 610 1418 pro
646 1376 735 1417 quo
765 1362 1023 1403 Niebuhrius
1059 1365 1214 1420 corrigi
1253 1366 1386 1406 voluit
1420 1368 1464 1407 οὔ
1493 1381 1540 1422 με
1570 1371 1741 1426 optimo),

368 1434 489 1490 quod
529 1434 775 1474 Dindorfius
808 1441 849 1475 et
883 1435 1078 1475 Klotzius
1116 1436 1328 1491 putavisse
1372 1436 1570 1477 videntur
1602 1439 1645 1478 in
1674 1451 1744 1478 co-

369 1506 465 1546 dice
496 1505 595 1559 legi.
625 1498 826 1560 Superest
851 1507 971 1561 quod
1004 1506 1250 1547 addubitari
1278 1508 1432 1563 possit:
1463 1523 1598 1563 quum
1632 1510 1744 1550 enim

370 1577 598 1637 ὃυσέκφορον
639 1577 774 1626 illud,
821 1577 941 1632 quod
982 1578 1203 1618 histriones
1240 1579 1396 1619 evitare
1429 1579 1650 1630 volebant,
1699 1582 1743 1622 in

370 1649 543 1705 syllabis
573 1665 640 1690 ουκ
673 1665 714 1690 εκ
745 1649 870 1688 fuisse
897 1649 1117 1699 videatur,
1151 1650 1351 1690 facillime
1377 1657 1542 1691 mutare
1571 1657 1612 1691 et
1637 1666 1740 1707 pro-

365 1721 564 1761 nuntiare
603 1727 804 1776 poterant
825 1722 870 1762 οὔ
899 1721 936 1778 μ’
972 1720 1157 1781 ἐκφρώσ’,
1188 1736 1266 1762 nec
1296 1736 1405 1777 opus
1432 1722 1511 1762 fuit
1542 1729 1588 1762 ut
1619 1723 1738 1763 aliud

367 1792 545 1834 verbum
569 1793 739 1848 μεθῶσιν
764 1792 1083 1842 substituerent,
1113 1793 1234 1848 quod
1261 1807 1398 1848 quum
1423 1794 1465 1833 in
1491 1793 1607 1833 libris
1633 1794 1736 1834 scri-

367 1864 452 1919 ptis
482 1864 671 1919 legatur,
703 1877 725 1904 e
755 1864 892 1919 glossa
926 1865 1157 1919 propagari
1190 1864 1347 1920 potuit.
1395 1863 1579 1905 Omnino
1611 1865 1738 1906 scho-

366 1935 454 1975 lion
483 1935 590 1974 illud
621 1948 708 1975 non
738 1934 949 1989 integrum
980 1935 1293 1975 subobscurum
1321 1942 1393 1976 est.

424 2007 523 2048 271.
558 2007 612 2051 ὠὴ
636 2007 691 2054 τίς
715 2002 821 2054 οὗτος
834 2024 850 2061 ,-
884 2003 907 2051 ἦ
928 2006 1068 2049 κτύπον
1089 2005 1334 2066 φοβούμεθα.
1370 2007 1440 2047 Sic
1474 2021 1496 2047 a
1523 2006 1739 2061 plerisque

367 2077 589 2118 scribitur:
635 2078 779 2117 Herm.
806 2083 850 2123 57':
897 2078 980 2118 hoc
1012 2085 1134 2119 esset:
1182 2085 1307 2120 eslne
1339 2079 1410 2119 lea'c
1443 2078 1639 2133 aliqui-5,
1674 2093 1736 2118 an

369 2151 549 2189 sonans
579 2164 644 2189 me
672 2149 847 2190 lem-el?
887 2150 987 2190 Mihi
1017 2151 1240 2206 perplacet
1269 2150 1402 2191 schol.
1442 2151 1735 2209 ἀποφαντικῶς,

369 2224 483 2270 ὅντως
517 2221 618 2263 κενὸν
651 2221 714 2264 τὸν
745 2222 860 2282 ψόφον
893 2221 1150 2282 ὑφορώμεέἓαε
1197 2236 1285 2276 quo
1320 2221 1528 2269 admisso,
1572 2222 1738 2276 signum

367 2292 709 2349 interrogationis
748 2294 881 2334 omisi.
932 2294 1028 2334 Non
1071 2294 1269 2335 videntur
1307 2292 1636 2333 consideravisse
1665 2291 1736 2331 In-

369 2371 575 2419 terpretes
610 2365 856 2420 Polynicem
887 2366 1074 2421 primum
1110 2365 1253 2406 dicere
1287 2365 1340 2410 chi:
1376 2365 1431 2412 τίς
1463 2360 1595 2418 oin-og,-
1639 2363 1736 2416 qui-

371 2435 452 2475 bus
482 2437 770 2491 pronuntiatis
800 2437 937 2477 bonus
970 2437 1117 2477 histrio
1149 2451 1337 2492 gressum
1374 2443 1414 2476 et
1444 2448 1594 2476 vocem
1623 2433 1735 2473 inhi-

370 2506 470 2546 bere
501 2507 673 2557 debuit,
707 2514 753 2548 ut
784 2508 892 2549 bene
925 2508 1073 2548 audire
1103 2508 1346 2556 videretur,
1388 2513 1615 2559 certusque
1641 2504 1733 2543 fieri

372 2578 479 2618 velle
515 2578 790 2620 adveniretne
822 2580 975 2634 aliquis
999 2593 1079 2620 nec
1103 2593 1169 2619 ne.
1204 2579 1422 2619 Neminem
1449 2577 1591 2616 adesse
1616 2589 1735 2615 com-

371 2654 520 2703 pert0‚
565 2655 655 2690 tum
686 2650 858 2691 demum
897 2652 977 2691 ait:
1024 2656 1142 2691 cerlo
1186 2650 1257 2690 m'l
1291 2651 1388 2689 nisa·
1417 2661 1563 2688 scansus
1595 2660 1735 2686 sonus

373 2734 438 2759 me
470 2724 620 2760 terret.
664 2721 756 2762 Hoc
793 2721 972 2763 voluisse
1012 2722 1185 2762 Poetam
1224 2720 1443 2769 existimo,
1492 2725 1531 2758 et
1574 2717 1732 2758 confir-
