2020 3326
637 274 817 315 COMM
836 275 1205 317 ENTARIUS.
1532 274 1611 314 1951

231 414 395 454 mittere
438 413 769 469 explicationem
808 426 935 467 nego.
984 413 1078 454 Non
1119 419 1261 453 autem
1294 411 1517 468 quaeritur
1550 410 1604 451 de

230 485 321 540 ipsa
352 485 583 525 sententiae
614 485 750 524 fornia
769 517 777 532 ‚
823 485 942 539 quali
975 492 1015 524 et
1046 485 1116 525 alii
1149 486 1209 524 usi
1239 491 1360 533 sunt,
1401 489 1441 523 et
1473 482 1604 523 habet

230 570 325 596 cam
355 571 499 597 versus
526 556 603 611 qui
634 556 936 595 circumfertur
962 556 1242 612 Theognidis,
1270 554 1383 596 230..
1401 556 1602 614 Χρήματοὶ

230 645 283 670 τοι
315 630 468 676 θνητοῖς
501 629 670 685 γίγνεται
700 627 904 686 ἀφροσύνη.
962 627 1047 667 Sed
1082 641 1170 668 non
1211 627 1340 667 modo
1378 627 1422 667 in
1454 626 1604 667 Phoe-

230 703 375 740 nz'ssc's
418 706 614 755 apertum
655 706 737 747 est,
782 699 1037 759 παραλλήλως
1076 699 1216 754 posita
1256 712 1342 738 esse
1381 699 1399 739 ὁ
1434 697 1603 747 κίνδυνος

228 773 350 828 μέγας
380 778 420 812 et
446 769 582 813 τᾶθλα
613 769 748 826 δεινοί,
782 778 827 811 ut
857 777 1011 827 peccet
1037 771 1114 826 qui
1144 770 1260 810 hunc
1290 770 1471 810 nitorem
1502 770 1602 810 obs-

228 850 372 892 curet,
417 843 491 883 sed
522 841 659 885 τᾶθὶα
692 843 797 884 δεινά
829 842 987 903 δάκρυά
1020 858 1075 884 σοι
1108 846 1304 900 γενήσεται
1345 840 1506 882 habent
1534 842 1602 882 in-

226 915 394 956 solitam
436 915 593 956 adiecti
623 915 976 956 collocationem:
1021 914 1376 970 exspectabamus
1411 914 1462 956 τὰ
1494 912 1601 956 δεινοί

226 985 397 1028 τ’ἇθλα
429 987 511 1030 κτὲ.
567 987 735 1041 Duplex
787 986 1024 1040 asyndeton
1069 992 1197 1042 auget
1235 984 1465 1034 affectum,
1515 985 1600 1026 hac

226 1059 603 1115 interpunctione:
651 1058 702 1106 ὡς
744 1059 763 1099 ὁ
806 1056 972 1107 κίνδυνος
1015 1059 1135 1114 μέγας
1176 1056 1240 1098 καὶ
1284 1054 1420 1098 τᾶθλα
1461 1056 1592 1099 δεινά·

225 1129 386 1191 δάκρυά
418 1146 475 1171 σοι
506 1134 725 1186 γενήσεται·
773 1128 918 1171 δισσοῖν
949 1134 1114 1189 στερήσῃ
1147 1129 1229 1171 κτὲ.
1284 1129 1434 1171 Voluit
1472 1129 1597 1169 Euri-

224 1203 347 1258 pides
392 1209 438 1242 ut
476 1202 662 1242 nuncius
701 1202 745 1242 in
789 1203 903 1241 exitu
955 1202 1102 1242 saltem
1148 1200 1351 1256 longioris
1399 1201 1600 1241 sermonis

223 1273 548 1330 properandum
579 1286 666 1313 esse
697 1272 868 1312 fervidis
899 1272 1037 1312 verbis
1066 1272 1341 1326 significaret.

287 1345 409 1387 1273.
455 1344 644 1401 δαιμόνων
674 1346 931 1391 κατάστασις.
978 1343 1121 1383 Herm.
1152 1342 1331 1399 δαίμονος
1343 1376 1360 1397 ,
1393 1342 1601 1397 quoniam

222 1416 286 1456 bis
316 1416 542 1471 Euripides
571 1418 815 1463 κατάστασις
853 1414 1038 1454 iunxerit
1076 1428 1175 1454 cum
1207 1414 1394 1469 genitivo
1426 1413 1486 1453 rei
1518 1427 1597 1453 cu-

222 1489 287 1528 ius
324 1487 515 1527 conditio
555 1487 785 1527 indicatur.
840 1486 951 1526 Hinc
986 1499 1073 1526 non
1120 1486 1316 1540 sequitur
1357 1498 1455 1525 eum
1495 1498 1598 1524 nus-

219 1573 354 1614 quam
384 1559 427 1598 in
461 1558 693 1613 deperditis
732 1557 887 1598 fabulis
926 1559 1109 1597 iunxisse
1145 1571 1246 1598 cum
1275 1556 1462 1613 genitivo
1492 1570 1595 1611 per-

220 1643 350 1670 sonae
381 1630 504 1670 cuius
533 1632 642 1690 ἔργον
682 1637 785 1670 esset
816 1633 1078 1678 κατάστασις.
1136 1628 1277 1684 Supra
1308 1626 1432 1668 1004.
1464 1627 1594 1668 dixit:

219 1702 270 1750 εἷς
312 1701 484 1758 ἀνάγκην
515 1701 705 1759 δαιμόνων
737 1703 931 1762 ἀφιγμένοι
941 1737 958 1758 ,
1002 1715 1191 1757 quorum
1222 1700 1373 1740 similia
1412 1699 1599 1739 contulit

221 1774 439 1823 Klotzius,
483 1780 626 1815 tamen
665 1774 789 1814 nimis
825 1788 1006 1830 urgens,
1050 1772 1226 1829 δαίμονες
1262 1772 1308 1812 id
1349 1785 1436 1812 esse
1472 1771 1596 1826 quod

209 1845 429 1901 fortuna.
481 1846 641 1897 Quidni
678 1860 846 1887 versum
879 1846 1242 1886 Phoenissarum
1279 1844 1338 1884 sic
1379 1843 1595 1898 intelliga-

220 1932 336 1958 mus:
373 1918 423 1958 τὰ
452 1920 705 1977 πράγματα,
747 1918 795 1966 εἷς
835 1917 861 1958 ἃ
893 1921 957 1959 νῦν
987 1933 1029 1959 σε
1061 1917 1303 1964 κατέστησαν
1333 1916 1365 1956 οἱ
1396 1913 1480 1956 θεοὶ
1493 1948 1510 1969 ,
1551 1914 1593 1956 οὐ

220 1991 422 2049 προχωρεῖ
449 1988 485 2029 ἐν
516 1989 714 2048 χορείαιςῖ)
745 1990 909 2030 Rerum
937 1988 1197 2029 conditionis
1221 1986 1380 2027 mentio
1406 1985 1510 2026 mihi
1532 1986 1595 2028 vi-

218 2059 348 2100 detur
372 2059 550 2114 requiri.

281 2129 404 2171 1289.
448 2131 493 2175 ἢν
524 2129 562 2172 δ’
584 2130 824 2191 ὑστερήσῃς,
857 2131 1071 2186 οἰχόμεσθα
1083 2165 1099 2186 ,
1132 2130 1337 2172 κατθανεῖ.
1380 2127 1460 2168 Hic
1496 2140 1592 2168 ver-

215 2216 284 2243 sus
321 2201 499 2242 totidem
530 2201 668 2243 verbis
705 2202 790 2242 iam
821 2201 1067 2257 legebatur,
1099 2200 1198 2242 980.
1245 2206 1286 2240 et
1319 2199 1485 2254 aliquot
1515 2211 1591 2238 co-

218 2274 336 2314 dices
362 2271 438 2313 hic
474 2285 524 2313 eo
555 2279 719 2313 carent.
760 2273 883 2313 Unde
915 2286 1014 2313 eum
1044 2273 1128 2313 hoe
1160 2273 1257 2312 loco
1288 2274 1590 2324 expunxerunt

218 2344 410 2394 Grotius,
457 2344 822 2393 Valckenaerius‚
872 2344 1114 2393 Porsonus,
1157 2342 1440 2390 Matthiaeus,
1484 2340 1591 2380 Her-

216 2430 412 2456 mannuS.
464 2415 667 2456 Crederes
706 2422 767 2456 tot
808 2416 1056 2472 principum
1101 2415 1290 2456 virorum
1337 2425 1592 2452 consensum

219 2487 385 2543 aliquid
419 2487 576 2527 habere
606 2487 832 2542 ponderis3
862 2488 1049 2527 minime.
1089 2484 1374 2526 Firnhaberus
1401 2490 1440 2523 et
1465 2483 1591 2523 Klot-

217 2560 307 2599 zius
336 2573 424 2599 non
455 2559 585 2599 modo
617 2560 661 2599 in
689 2572 762 2598 ore
792 2559 986 2599 locastae
1021 2557 1260 2598 tolerabilia
1291 2556 1399 2596 haec
1432 2555 1586 2602 verba,

219 2629 293 2671 sed
336 2629 633 2686 praedicanda
681 2644 767 2670 esse
808 2630 1061 2670 existimant.
1135 2628 1285 2669 Laudo
1341 2640 1411 2667 eos
1467 2627 1590 2681 quod

219 2716 342 2742 suum
370 2701 447 2756 ipsi
475 2701 683 2741 iudicium
714 2708 974 2757 sequuntur,
1004 2701 1134 2741 modo
1166 2700 1256 2740 aliis
1284 2699 1586 2755 persuadeant„

221 2773 335 2813 Nihil
376 2773 485 2814 valet
540 2773 658 2828 apud
713 2787 784 2814 eos
830 2773 952 2829 quod
997 2772 1066 2813 hic
1107 2785 1249 2814 versus
1289 2771 1333 2813 in
1377 2770 1591 2812 nonnullis
