2020 3326
397 219 455 246 ΧΠ
856 202 1291 244 PRAEFATIO.

394 345 559 400 signum
590 342 685 397 [)].
734 342 793 381 Ex
823 338 1019 379 omnibus
1049 338 1118 385 iis,
1153 351 1267 393 quae
1293 352 1315 378 e
1343 339 1567 380 codicibus
1596 340 1753 381 descri-

392 442 578 484 pseram,
622 426 790 482 potiora
828 438 945 464 nunc
990 423 1174 464 delibavi
1206 424 1363 479 partim
1404 425 1563 466 inedita
1597 426 1753 481 partim

697 484 709 497 .

393 513 573 568 vulgatis
598 510 846 567 integriora:
874 508 974 549 hinc
1001 509 1151 564 repetii
1174 522 1196 548 e
1219 508 1390 549 scholiis
1416 510 1461 550 in
1476 509 1750 559 Alcestidem‚

392 597 582 639 Rhesum
619 603 659 636 et
698 595 883 635 Troades
914 608 987 643 ea,
1038 608 1152 649 quae
1193 608 1244 634 ex
1287 595 1379 650 ipso
1416 595 1569 636 codice
1613 609 1755 635 emen-

392 682 557 722 datiora
589 681 680 721 dari
707 686 929 736 poterant,
972 686 1141 720 caetera
1184 694 1283 720 cum
1320 681 1523 721 varietate
1563 681 1756 721 lectionis

390 769 434 808 iu
464 767 666 822 Euripide
699 766 802 806 alias
832 765 1053 806 daturus.''

449 854 565 893 Haec
601 852 684 892 ille.
739 852 888 892 Restat
916 858 962 891 ut
993 850 1137 890 dicam
1167 864 1235 890 me
1268 851 1503 899 curavisse,
1543 856 1754 906 quantum

390 939 626 994 potuerim,
670 943 716 978 ut
744 937 930 978 virorum
958 936 1187 977 doctorum
1217 936 1440 990 opiniones
1469 935 1522 975 de
1552 935 1754 976 Phoenis-

391 1026 444 1065 sis
475 1037 793 1080 cognoscerem.
840 1023 899 1063 De
935 1022 1024 1062 aliis
1063 1035 1178 1077 quae
1208 1021 1482 1061 commentati
1509 1027 1629 1069 sunt,
1668 1034 1756 1061 non

393 1111 570 1167 quidem
603 1110 792 1166 neglexi,
830 1108 904 1149 sed
934 1109 1073 1148 minus
1104 1107 1305 1156 sollicite,
1339 1107 1510 1162 quoties
1538 1106 1758 1148 inventum

392 1196 572 1252 aliquod
599 1209 741 1236 meum
769 1201 921 1250 sponte
950 1200 1096 1233 natum
1126 1191 1419 1248 proferebam,
1453 1192 1756 1248 circumspexi:

396 1281 511 1323 unde
550 1281 713 1321 factum
751 1285 810 1319 est
851 1285 897 1319 ut
935 1292 1025 1318 sero
1063 1278 1363 1326 intellexerim,
1404 1291 1491 1317 non
1521 1277 1676 1333 fugisse
1708 1276 1758 1317 G.

396 1366 668 1409 Dindorfium
710 1378 800 1420 quo
834 1363 964 1404 modo
1006 1363 1260 1419 corrigenda
1303 1362 1383 1402 sint
1415 1361 1543 1404 verba
1577 1362 1762 1403 Eteoclis

395 1455 440 1494 in
464 1451 664 1507 Aeschyli
691 1450 808 1506 Sept.
835 1449 889 1490 ad
911 1448 1077 1488 Thebas
1094 1481 1102 1497 ,
1129 1462 1186 1489 vs.
1212 1447 1312 1488 255.
1359 1446 1497 1487 Habet
1522 1460 1623 1487 sane
1653 1460 1759 1487 con-

398 1538 572 1596 spiratio
605 1550 705 1577 cum
737 1535 811 1576 tali
839 1535 929 1576 viro
965 1533 1131 1589 aliquid
1161 1532 1361 1582 iucundi,
1396 1545 1448 1572 ac
1477 1531 1760 1587 probabilita-

397 1633 482 1666 tem
507 1622 666 1665 inventi
696 1619 972 1669 corroborat3
1010 1619 1177 1675 saepius
1215 1632 1314 1660 vero
1345 1617 1447 1658 mihi
1477 1616 1681 1659 accidisse
1713 1624 1758 1658 ut

398 1716 541 1752 actum
572 1721 761 1765 agerem,
797 1720 883 1747 non
913 1719 1052 1761 spero.

957 2149 1210 2171 QG?
