2020 3326
431 219 511 259 112
833 216 1391 258 COMMENTARIUS.

422 359 530 408 quot
571 351 862 407 generationes
891 350 1068 398 exstitit,
1116 350 1181 391 vel
1211 350 1447 392 admodum
1485 352 1709 408 antiquus,
1744 360 1791 395 ut

422 423 566 482 ἐχθρὸς
596 422 854 477 παλαιγενής,
897 419 1053 460 Aesch.
1093 419 1178 477 Ag.
1222 421 1344 464 1637.
1399 422 1606 463 Neutrum
1635 424 1791 465 horum

420 496 464 534 in
495 495 646 534 Laium
678 493 902 540 convenit,
943 492 1018 546 qui
1047 491 1241 532 locastae
1276 494 1453 534 maritus
1486 494 1638 535 fuerat.
1683 495 1788 535 Her-

421 578 619 605 mannus:
657 581 672 600 »
691 563 733 603 Si
761 563 804 603 in
835 562 955 620 Λαΐῳ
989 563 1328 605 Valckenaerius
1353 564 1557 606 invenisse
1589 579 1631 606 se
1659 571 1789 620 puta-

418 635 491 675 bat
531 635 653 690 quod
690 634 950 683 offenderet,
996 648 1085 674 non
1118 634 1280 693 Κοίὸμῳ
1321 636 1533 677 coniicere
1574 636 1787 687 debebat,

418 707 491 747 sed
517 707 646 749 Λαΐου
679 723 719 749 τε
751 710 816 749 τοῦ
848 706 970 749 πάλαι
1002 707 1140 761 γένει.”
1184 707 1319 748 Immo
1349 706 1479 750 Λαΐου
1509 725 1549 750 τε
1580 713 1636 765 τῷ
1667 707 1789 752 ποὶλαι

418 779 538 834 γένει,
581 786 620 819 et
651 778 735 818 hoc
765 778 973 833 scriptum
1004 778 1129 817 fuisse
1161 784 1283 833 puto.

475 850 575 891 364.
632 852 729 892 οὕτω
770 848 814 890 δὲ
846 847 1014 908 τάρβους
1048 849 1097 896 εἷς
1129 848 1245 908 φόβον
1278 849 1312 892 τ’
1345 850 1544 909 ἀφικόμην.
1601 850 1644 890 Si
1681 851 1790 906 quid

415 921 692 966 mutandum,
727 921 965 976 amplectar
994 920 1168 960 Porsoni
1201 921 1495 962 coniecturam
1523 920 1559 963 δ’
1583 920 1785 981 ἐτάρβουν.

418 992 504 1033 Sed
531 993 786 1034 Schaeferus
817 991 1084 1047 comparavit
1115 1006 1164 1032 ex
1195 991 1268 1032 El.
1291 993 1386 1034 751.
1419 998 1500 1042 πῶς
1532 994 1678 1049 ἀγῶνος
1698 999 1789 1040 ἤκο-

419 1081 507 1121 μενε
551 1065 699 1120 itaque
736 1062 905 1124 τάρβους
939 1063 1037 1103 ferri
1078 1077 1222 1118 posse,
1264 1063 1442 1105 admissa
1475 1065 1640 1120 duplici
1681 1079 1790 1107 con—

419 1136 667 1176 structione.
712 1136 915 1192 Speciose
943 1134 1101 1175 obiecit
1128 1135 1394 1176 Hermannus
1428 1136 1557 1177 citata
1594 1151 1645 1177 ex
1681 1137 1791 1178 Ele-

419 1213 518 1247 ctra
561 1207 801 1263 significare
837 1211 919 1255 πῶς
963 1207 1108 1262 ἀγῶνος
1151 1208 1318 1263 ἔχομεν,
1360 1207 1474 1247 unde
1513 1208 1695 1248 multum
1733 1208 1789 1249 ab

421 1279 554 1318 altero
586 1278 770 1318 differre.
817 1278 903 1318 Sed
933 1291 1084 1327 nemo,
1126 1284 1172 1317 ut
1207 1285 1337 1333 puto,
1372 1279 1416 1318 in
1447 1278 1627 1319 dubium
1658 1292 1789 1320 voca-

417 1349 480 1389 bit
511 1349 618 1404 quin
652 1355 769 1389 recte
798 1349 968 1389 dicatur
1005 1354 1087 1397 πῶς
1118 1349 1265 1405 ἀγῶνος
1296 1351 1521 1409 ἀφίγμεθἀε
1565 1364 1664 1390 narn
1689 1364 1789 1406 per-

418 1421 581 1461 fectum
615 1420 741 1460 huius
774 1419 894 1461 verbi
921 1419 1100 1460 eandem
1131 1422 1382 1461 sententiam
1407 1427 1616 1476 praestat,
1655 1436 1788 1476 quam

416 1505 746 1546 nonnumquam
779 1504 978 1547 praesens
1011 1496 1115 1546 ἥκω,
1160 1491 1346 1542 adsum,
1399 1494 1613 1532 consisto.
1674 1492 1789 1544 Quid

417 1563 538 1618 quod
569 1562 750 1603 subinde
782 1562 901 1617 apud
928 1562 1176 1618 Euripidem
1195 1563 1371 1603 aoristus
1400 1562 1516 1604 verbi
1545 1563 1785 1622 ἀφικνεῖσθαι

417 1633 522 1673 1111111
555 1633 695 1673 differt
728 1647 750 1673 a
787 1633 1004 1688 perfect03
1052 1634 1182 1675 veluti
1213 1634 1256 1674 in
1288 1648 1338 1674 eo
1370 1634 1491 1689 quod
1521 1634 1650 1674 modo
1681 1634 1787 1676 dixit

416 1705 639 1760 Polynices
671 1719 729 1745 VS.
756 1704 869 1751 360,
910 1705 1095 1764 ἀφικόμην
1126 1704 1293 1765 ἐχθροὺς
1325 1704 1361 1754 ἐς
1394 1704 1539 1765 ἄνδρας
1556 1740 1572 1760 ,
1616 1707 1665 1746 z'n
1704 1721 1787 1747 me-

417 1776 508 1816 (le'e's
549 1776 751 1816 hostibus
776 1776 878 1827 vtc'be'
912 1776 1069 1817 adsto:
1117 1777 1172 1817 cf.
1206 1775 1306 1816 360.
1364 1777 1448 1816 Sed
1479 1777 1583 1817 mihi
1614 1791 1786 1832 persua-

417 1847 517 1887 dere
548 1860 717 1902 nequeo
759 1846 1009 1901 Euripidem
1048 1847 1297 1902 impeditam
1329 1848 1566 1888 orationem
1602 1848 1687 1888 1100
1726 1849 1786 1889 10-

419 1932 471 1958 00
499 1918 723 1973 expeditae
750 1917 1019 1972 praetulisse:
1049 1918 1331 1973 quamobrem
1359 1918 1503 1959 adhuc
1531 1919 1662 1959 credo
1690 1933 1787 1960 eum

417 1989 455 2032 δ’
490 1988 678 2049 ἐτάρβουν
715 1989 950 2044 reliquisse.

474 2062 574 2104 373.
626 2060 676 2102 δι’
710 2064 832 2102 ὅσσων
865 2060 956 2116 ὄμμ’
990 2063 1089 2117 ἔχων
1122 2060 1393 2121 ὃοικρυρροοῦν.
1452 2060 1519 2102 Ab
1555 2061 1783 2118 hacrvulg.

417 2133 600 2173 lectione
634 2132 773 2173 differt
814 2146 923 2172 unus
962 2132 1099 2172 codex
1140 2133 1250 2172 Flor.
1283 2133 1326 2172 in
1358 2146 1447 2187 quo
1479 2146 1558 2187 pro
1597 2132 1688 2188 ὄμμ’
1725 2138 1785 2173 est

415 2203 514 2260 αἷμ’.
563 2204 792 2244 Senserunt
822 2204 1072 2258 interpretes
1110 2203 1212 2243 hinc
1253 2203 1424 2244 facilem
1460 2204 1683 2244 transitum
1712 2217 1785 2258 pa·

413 2276 497 2316 rari
532 2275 587 2316 ad
627 2274 937 2315 correctionem
971 2274 1092 2330 νᾶμ’,
1129 2289 1261 2330 quam
1293 2274 1555 2330 Musgravius
1585 2274 1780 2323 tentavit,

414 2353 455 2386 et
497 2353 594 2386 ante
642 2360 738 2386 eum
786 2346 856 2385 alii
897 2347 1163 2386 restituentes
1202 2346 1439 2402 elegantem
1477 2358 1643 2400 usuque
1687 2357 1784 2399 pro·

412 2417 558 2458 batam
579 2417 826 2457 dictionem.
857 2416 1140 2457 Nihilominus
1163 2417 1317 2471 sprevit
1331 2417 1620 2464 Hermannus‚
1651 2429 1782 2470 quem

414 2495 584 2528 secutus
623 2494 682 2527 est
723 2488 942 2535 Klotzius‚
986 2489 1062 2543 qui
1100 2494 1225 2542 putat
1254 2488 1429 2527 Poetam
1463 2486 1605 2526 lusisse
1640 2485 1684 2525 in
1713 2499 1784 2527 vo-

414 2558 576 2598 cabulis
601 2561 723 2599 ὅσσων
749 2565 788 2598 et
811 2558 928 2614 ὄμμ’,
952 2566 1041 2599 tum
1066 2558 1157 2614 ὄμμ’
1183 2573 1283 2599 011111
1300 2558 1542 2597 Hermanno
1570 2556 1781 2610 interpre-

413 2635 527 2668 tatur
566 2635 773 2683 spectus‚
823 2632 1108 2684 spectionem.
1175 2629 1338 2670 Satisne
1378 2626 1649 2667 attenderunt
1690 2639 1778 2668 non

739 2703 756 2713 ν
873 2699 889 2715 Ἀ
1357 2701 1374 2711 ν

410 2699 586 2753 perinde
621 2713 706 2740 esse
734 2717 840 2754 ομμα
865 2702 1049 2759 οακρυόεν
1084 2701 1202 2741 dieas
1221 2731 1231 2750 ,
1266 2713 1320 2739 an
1352 2714 1458 2754 ομμοι
1482 2695 1770 2756 ὃακρυρροοῦνὶ)
