2020 3326
347 218 423 245 vm
801 196 1239 241 PRAEFATIO.

344 341 641 388 Bibliothecis‚
689 351 796 393 quas
837 336 940 376 mihi
984 335 1102 375 adire
1133 342 1173 375 et
1204 336 1462 390 perscrutari
1499 337 1699 393 contigit,

343 427 567 482 diligenter
618 423 821 479 quaesivi.
877 422 1049 463 Versavi
1100 420 1314 476 Euripidis
1360 421 1532 462 codices
1573 437 1706 477 quam

340 513 546 569 plurimos
574 511 661 549 sine
688 509 847 548 fructu.
883 507 1083 562 Plerique
1106 520 1252 547 omnes
1277 513 1373 547 sunt
1403 507 1700 558 recentissimi,

339 597 484 652 scripti
524 595 695 636 saeculo
722 593 901 636 XV·aut
940 592 1067 632 etiam
1102 592 1244 632 serius.
1295 592 1467 634 Inerant
1503 595 1589 635 fere
1624 608 1700 643 ea,

340 696 453 737 quae
479 682 581 721 olim
612 680 789 721 corrasit
819 678 1040 727 Arse—nius,
1077 684 1226 734 postea
1258 686 1298 718 et
1328 679 1398 719 alii
1430 687 1470 720 et
1500 681 1705 736 imprimis

340 767 592 808 Matthiaeus
619 765 926 819 undecumque
944 770 1168 804 auxerunt.
1197 764 1423 819 Quidquid
1441 766 1613 821 insuper
1637 767 1703 807 in—

338 860 427 894 erat
451 853 599 893 m'elius
628 850 802 892 latebat.
842 850 949 890 Nam
979 849 1085 890 nihil
1117 857 1176 890 est
1207 850 1315 891 adeo
1345 851 1535 892 ieiunum
1575 859 1615 893 et
1645 853 1699 893 ad

338 938 692 994 exstinguendum
720 937 939 993 ingenium
964 936 1098 992 magis
1114 935 1317 976 idoneum
1335 950 1468 991 quam
1485 951 1533 977 ea
1549 967 1560 986 ,
1587 951 1701 993 quae

277 1049 279 1051 -
335 1025 592 1065 recentiores
628 1023 814 1080 magistri
859 1021 1228 1078 Constantinopoli
1259 1022 1302 1062 in
1332 1022 1472 1063 media
1505 1022 1704 1064 barbarie

337 1112 425 1152 nati
460 1110 515 1151 ad
547 1110 694 1151 vitiosa
719 1108 874 1149 Poetae
904 1108 1097 1164 exempla
1126 1108 1213 1148 sine
1241 1108 1401 1148 iudicio
1434 1123 1515 1150 nec
1541 1109 1703 1151 doetri-

335 1212 391 1238 na
424 1202 697 1237 annotarunt.
753 1194 893 1246 Quam
923 1194 1074 1235 vellem
1112 1194 1295 1234 maxima
1332 1208 1433 1249 pars
1468 1195 1583 1235 istius
1616 1196 1703 1236 far-

335 1283 492 1339 raginis
524 1294 762 1336 numquam
791 1279 903 1320 edita
945 1286 1065 1320 esset.
1108 1279 1232 1320 Nunc
1260 1280 1479 1335 quidquid
1512 1289 1702 1338 superest

338 1384 388 1410 ex
421 1368 698 1423 antiquorum
735 1365 990 1407 Critieorum
1027 1366 1070 1406 in
1103 1365 1352 1421 Euripidem
1390 1369 1703 1409 commentariis

337 1456 396 1496 ita
431 1453 707 1495 commixtum
739 1459 779 1492 et
809 1451 1012 1492 obrutum
1039 1458 1099 1492 est
1135 1451 1200 1491 his
1239 1452 1550 1493 recentissimae
1587 1461 1704 1496 aeta-

338 1541 389 1581 tis
433 1538 700 1595 quisquiliiS‚
747 1543 793 1577 ut
830 1537 1045 1592 plerisque
1078 1537 1238 1592 pariter
1281 1550 1380 1577 cum
1419 1538 1505 1578 istis
1534 1539 1704 1581 sordeat

339 1632 379 1666 et
430 1630 739 1665 contemnatur.
803 1623 886 1663 Ista
942 1623 1071 1679 igitur
1114 1622 1253 1663 omnia
1300 1623 1488 1679 neglexi,
1531 1639 1706 1681 sperans

339 1711 430 1752 fore
457 1717 502 1750 ut
543 1709 715 1750 aliunde
744 1709 918 1749 meliora
946 1708 1184 1765 prodirent.
1237 1708 1387 1764 Neque
1414 1724 1508 1766 spes
1537 1711 1701 1752 fefellit:

341 1810 440 1837 nam
464 1796 603 1852 reperi
626 1802 709 1835 tres
731 1792 904 1835 codices
933 1795 1214 1850 antiquiores,
1241 1795 1318 1850 qui
1343 1801 1532 1836 veterum
1555 1795 1705 1837 Gram-

338 1882 594 1922 maticorum
633 1880 782 1921 doctas
821 1893 919 1920 sane
958 1887 999 1920 et
1044 1886 1193 1920 acutas
1231 1881 1527 1921 annotationes
1561 1895 1704 1924 serva-

340 1967 459 2008 bant.
483 1967 670 2007 Primum
690 1967 877 2009 Venetiis
901 1967 945 2006 in
968 1965 1237 2007 Bibliotheca
1260 1966 1492 2016 Marciana,
1510 1974 1705 2009 notatum

343 2052 633 2094 CCCCLXXI.
674 2052 819 2093 Codex
851 2058 909 2092 est
945 2051 1318 2100 membranaceus,
1362 2052 1551 2102 formae,
1589 2069 1703 2110 quae

344 2139 430 2179 dici
458 2139 587 2188 solet,
622 2145 802 2194 quartae
832 2138 1027 2187 minoris,
1060 2137 1244 2194 scriptus
1277 2138 1448 2178 saeculo
1480 2139 1566 2180 fere
1593 2139 1704 2190 XII,

340 2238 471 2264 manu
500 2225 704 2281 eleganti,
738 2224 951 2280 scriptura
982 2225 1272 2264 minutissima.
1317 2224 1514 2266 Continet
1543 2226 1704 2281 Diony-

345 2309 452 2349 sium
492 2310 737 2366 Periegeten
778 2324 877 2350 cum
923 2309 1093 2350 scholiis
1133 2309 1252 2350 haud
1288 2310 1346 2350 ita
1381 2311 1523 2367 magni
1563 2312 1702 2366 pretii.

345 2395 451 2435 Tum
481 2395 695 2450 Euripidis
722 2395 969 2445 Hecubam,
1013 2395 1213 2446 Oresten,
1246 2395 1515 2446 Plioenissas,
1543 2395 1708 2438 Andro-

348 2480 554 2530 machen,
602 2481 885 2537 Hippolytum
914 2482 958 2522 in
998 2482 1085 2522 fine
1127 2482 1338 2522 mutilum.
1390 2482 1597 2537 Margines
1626 2496 1708 2538 op-

349 2566 490 2621 pletae
520 2572 616 2605 sunt
641 2566 810 2607 scholiis
837 2568 1022 2623 antiquis
1048 2574 1088 2608 et
1113 2567 1252 2608 bonae
1276 2574 1425 2617 notae,
1454 2567 1568 2608 unde
1594 2582 1707 2623 quae

350 2665 461 2693 nova
501 2657 633 2691 essent
683 2658 755 2692 aut
798 2654 972 2695 meliora
1014 2654 1196 2709 vulgatis
1239 2653 1463 2708 diligenter
1503 2655 1707 2709 excerpsi.
