2020 3326
348 261 432 303 324
631 260 840 300 INDEX
882 257 1329 299 SCRIPTORUM
1373 275 1418 299 ης

498 398 534 438 ἐν
563 396 820 442 Μυκηναιάις.
866 395 994 450 Hipp.
1012 394 1110 435 306.

499 468 536 509 ἐν
566 466 707 524 Νιόβῃ.
750 466 827 506 Ph.
856 466 948 506 159.

502 540 538 580 ἐν
570 539 766 595 Ποιμέσιν.
801 538 933 578 Andr.
956 535 1055 581 276.

507 610 561 664 (ἐν
594 609 829 667 Πολυξένῃ).
864 611 967 650 Hec.
992 610 1029 649 1.

510 683 565 736 (ἐν
595 682 885 742 Τριπτολέμῳ).
920 682 987 722 Tr.
1012 681 1112 723 220.

503 757 540 797 ἐν
571 757 704 814 Τυροῖ.
745 755 817 795 O'r.
846 753 968 795 1686.

358 828 574 884 Sophron.
606 827 739 867 Andr.
767 826 859 866 166.

357 900 555 940 Sosibius.
596 899 667 940 Or.
690 898 813 939 1612.

360 972 637 1012 Stesichorus.
673 970 746 1012 Or.
766 969 869 1010 239.
893 968 992 1010 258.
1024 968 1117 1009 Alc.
1142 969 1177 1010 l.
1211 970 1344 1011 Andr.
1371 972 1434 1012 10.
1472 973 1559 1015 Rh.
1577 974 1618 1014 5.

358 1043 538 1084 Strattis.
578 1043 681 1083 Hec.
709 1041 808 1082 462.

504 1114 541 1156 ἐν
572 1114 942 1174 Ἀνθρωπορραίςῃ.
979 1113 1050 1155 Or.
1075 1112 1175 1154 269.

362 1188 528 1228 Suidas.
563 1186 697 1228 Andr.
725 1186 792 1228 18.

1016 1315 1061 1354 Τ.

359 1402 648 1442 Telesarehus.
687 1401 783 1441 Alc.
806 1401 839 1441 1.

360 1474 621 1515 Theocritus.
655 1473 748 1513 Alc.
768 1472 812 1513 8.

360 1546 690 1601 Theophrastus.
721 1545 851 1599 Hipp.
869 1543 968 1584 263.

360 1618 663 1674 Theopompus
693 1616 730 1658 ἐν
763 1619 838 1665 τοῖς
865 1615 1115 1664 Ἑλληνικοῖς.
1154 1614 1287 1655 Andr.
1313 1616 1350 1655 1.

363 1689 628 1729 Thestorides
663 1689 729 1729 Tr.
747 1688 849 1730 821.

363 1761 648 1816 Thucydides,
684 1761 751 1801 Tr.
771 1760 812 1800 9.

364 1833 570 1873 Timaeus.
610 1833 710 1874 Hec.
737 1831 832 1873 129.

1020 1947 1073 1985 Χ.

366 2048 559 2089 Xanthus
589 2049 608 2089 ὁ
638 2049 688 2089 τὰ
720 2045 910 2090 Audiam}
943 2043 1152 2094 συντάξας.
1198 2044 1330 2084 Andr.
1359 2044 1420 2084 10.

427 2238 458 2291 ¹)
494 2238 671 2287 Versus,
706 2238 780 2293 qui
811 2238 900 2277 illie
929 2237 1015 2277 sine
1044 2243 1219 2276 auctore
1251 2237 1505 2292 apponitur,

1070 2310 1214 2366 ἠγόμην
1244 2307 1284 2350 δ’
1305 2310 1402 2368 ἀνὴρ

690 2384 800 2431 εὶς-ῶν
830 2384 982 2441 μέγιςος
1013 2387 1088 2423 τῶν
1119 2381 1211 2423 ἐκεῖ.

371 2461 429 2495 est
461 2454 729 2510 Sophocleus
756 2470 807 2496 ex
845 2455 1000 2511 Oedc'p.
1028 2455 1125 2510 Tyr.
1156 2469 1215 2496 vs.
1238 2454 1335 2497 775.

427 2550 460 2608 2)
510 2553 772 2609 Polyanthus
812 2555 1083 2611 appellatur,
1142 2553 1281 2594 minus
1320 2559 1434 2594 reete
1478 2553 1660 2608 opinor,
1702 2568 1726 2594 a

372 2625 496 2665 Sexto
523 2626 763 2681 Empirico‚
805 2627 881 2682 qui
910 2641 959 2667 ex
988 2626 1138 2667 eodem
1165 2626 1282 2666 fonte
1312 2625 1451 2666 hausit
1477 2639 1589 2680 quae
1623 2626 1726 2666 scri-

370 2695 431 2736 bit
470 2697 565 2738 adv.
600 2698 798 2738 Mathem.
826 2699 859 2739 I.
896 2699 962 2739 12.
994 2714 1040 2753 p.
1072 2698 1170 2740 271.
1217 2712 1346 2753 quem
1385 2698 1529 2738 locum
1569 2711 1726 2753 operae

366 2767 551 2823 pretium
581 2776 640 2809 est
670 2782 769 2810 cum
798 2769 960 2811 scholio
992 2770 1047 2812 ad
1077 2769 1334 2812 Alcestidem
1366 2782 1646 2825 componere,
1679 2774 1725 2809 ut
