2020 3326
716 202 1160 244 PRAEFATIO.
1572 221 1613 248 ι’(

249 342 367 383 Alter
393 349 452 383 est
477 344 711 385 Vaticanus
731 342 834 391 909,
860 342 1160 398 bombycinus,
1190 343 1352 384 formae
1382 345 1611 395 maximae,

249 430 408 470 saeculi
435 430 552 470 XIII.
599 428 795 470 Continet
825 428 1074 477 Hecubam,
1108 428 1306 480 Oresten,
1343 429 1614 482 Phoenissas,

249 515 553 571 Hippolytum,
570 515 780 564 Medeam,
802 515 1059 555 Alcestidem
1074 548 1082 563 ,
1103 515 1458 566 Andromachen,
1485 517 1615 559 Troa-

249 601 324 641 das
350 608 389 642 et
422 601 615 642 Rhesum
644 602 811 657 aliquot
834 601 937 642 locis
967 607 1006 641 et
1033 602 1077 641 in
1103 599 1188 641 {ine
1210 602 1423 643 mutilum.
1468 599 1616 644 Omni-

247 686 328 727 bus
357 687 574 742 adscripta
606 694 702 727 sunt
732 686 895 728 scholia
925 687 1103 742 antiqua
1138 702 1159 727 a
1189 688 1326 744 prima
1355 703 1498 730 manu.
1532 691 1613 731 De-

247 753 376 812 liba'vi
402 774 758 828 praestantissima
791 786 1006 828 quaeque.
1056 773 1106 813 In
1134 773 1203 822 iis,
1236 788 1349 830 quae
1377 789 1477 816 cum
1504 776 1616 817 Mar-

249 858 374 898 ciano
415 858 544 899 habet
582 861 849 908 communia,
892 859 949 899 ita
984 860 1224 914 conspirat,
1272 867 1318 901 ut
1349 876 1618 919 quamquam

246 958 373 999 saepe
417 944 686 985 librariorum
726 946 827 987 vitio
864 945 1156 1000 discrepantes
1196 953 1337 987 tamen
1374 961 1425 988 ex
1466 948 1617 990 eodem

249 1030 365 1070 fonte
381 1031 550 1071 fluxisse
576 1032 814 1072 videantur.
849 1032 1064 1072 Tractavit
1085 1031 1201 1073 hunc
1225 1032 1382 1074 librum
1412 1034 1457 1075 P.
1484 1035 1616 1076 Elms—

250 1116 374 1165 leius,
413 1117 490 1172 qui
531 1123 691 1157 textum
724 1131 824 1157 curn
866 1117 1024 1157 Aldina
1055 1117 1241 1158 editione
1274 1120 1454 1160 contulit
1487 1127 1527 1161 et
1557 1121 1617 1162 le-

248 1202 399 1243 ctionis
428 1202 676 1243 varietatem
719 1202 891 1243 Medeae
933 1202 1081 1242 edidit.
1122 1202 1381 1243 Alcestidem
1410 1204 1489 1245 sibi
1519 1220 1618 1248 cum

246 1287 370 1328 editis
411 1288 717 1328 conferendam
755 1288 919 1329 curavit
964 1287 1013 1328 G.
1065 1287 1338 1339 Dffldorfius,
1379 1291 1455 1346 qui
1495 1292 1617 1333 simul

247 1374 463 1430 egregium
509 1374 795 1430 fragmentum
843 1373 1154 1415 didascalicum
1193 1388 1244 1415 ex
1281 1375 1408 1416 huius
1447 1377 1619 1420 fabulae

247 1466 499 1516 argumento
538 1460 718 1515 protulit
762 1460 805 1501 in
845 1460 1002 1501 lucem.
1046 1460 1222 1501 Scholia
1271 1461 1315 1502 in
1352 1461 1539 1504 Troadas
1578 1473 1619 1506 et

247 1545 465 1595 Rhesum,
508 1544 561 1585 ab
608 1546 868 1601 Hieronymo
895 1546 1037 1587 Amati
1074 1546 1173 1587 satis
1203 1546 1430 1604 diligenter
1458 1549 1620 1591 deseri-
1665 1566 1668 1569 ·

245 1639 321 1687 pta
365 1631 619 1688 prodierunt
662 1632 705 1672 in
745 1632 931 1673 editione
967 1632 1182 1689 Euripidis
1220 1632 1469 1690 Glasguensi
1505 1651 1619 1678 anno

245 1718 373 1758 huius
426 1718 586 1758 saeculi
633 1718 834 1774 vigesimo
876 1718 1030 1774 primo.
1091 1719 1282 1775 Repetiit
1324 1721 1479 1776 quinto
1522 1730 1619 1779 post

246 1817 359 1845 anno
384 1803 632 1859 Euripidem
653 1803 782 1844 edens
798 1805 847 1844 L.
862 1804 1128 1854 Dindorfius‚
1149 1804 1305 1846 deinde
1322 1805 1368 1847 C.
1388 1807 1432 1848 F.
1452 1808 1618 1866 Kamp-

244 1904 428 1931 mannus
459 1890 502 1930 in
531 1890 715 1931 editione
747 1891 964 1931 Matthiaei
996 1891 1092 1933 Vol.
1112 1891 1187 1932 IX.
1221 1906 1334 1933 anno
1360 1892 1482 1936 1837.

303 1976 467 2017 Tertius
493 1975 638 2017 Codex
665 1983 724 2017 est
753 1977 1081 2033 Neapolitanus,
1119 1977 1248 2018 Musei
1277 1978 1506 2020 Borbonici
1537 1980 1617 2021 165

251 2061 441 2117 (notatus
462 2062 506 2102 in
532 2062 731 2118 catalogo
755 2062 810 2102 Il.
836 2063 880 2103 F.
907 2063 952 2117 9)
984 2063 1259 2113 chartaceus,
1293 2064 1456 2105 formae
1480 2068 1614 2107 maxi-

247 2161 361 2196 mae,
390 2146 563 2187 saeculo
581 2147 680 2189 XIV
706 2149 906 2204 scriptus.
940 2149 1090 2189 Insunt
1106 2149 1235 2190 varia.
1270 2149 1395 2191 Foliis
1417 2150 1620 2195 93—140

249 2233 440 2274 continet
464 2232 678 2288 Euripidis
699 2234 942 2284 Hecubam,
974 2234 1171 2285 Oresten,
1194 2234 1460 2288 Phoenissas,
1487 2238 1618 2280 Troa-

249 2320 338 2361 das.
389 2318 613 2359 Praecedit
651 2319 736 2360 vita
777 2320 1013 2375 Euripidis:
1057 2320 1273 2381 Εὐριπίδης
1311 2323 1560 2383 Μνησάρχου
1592 2326 1616 2372 ἢ

251 2404 541 2464 Μνησαρχίδου
575 2403 641 2446 καὶ
668 2404 853 2454 Κλειτοῦς
884 2429 999 2437 --·
1027 2406 1190 2463 τελευτᾷ
1224 2406 1271 2450 δὲ
1299 2407 1360 2451 ἐπὶ
1391 2416 1457 2460 τῆς
1491 2410 1614 2461 ἐνευη-

251 2497 370 2540 κοςῆς
398 2489 758 2546 Ὀλυμπιοὶὃοςε-
788 2490 939 2547 (quarn
955 2492 1052 2533 vide
1079 2493 1198 2550 apud
1216 2495 1612 2549 Westermannum‚

251 2579 384 2636 Βιογρ.
417 2593 461 2633 p.
488 2575 604 2631 141.)
651 2577 699 2617 In
730 2577 992 2634 marginibus
1023 2578 1186 2621 scholia
1217 2580 1419 2637 leguntur
1449 2582 1615 2625 uberri-

253 2679 344 2715 ma,
386 2677 500 2720 quae
543 2663 596 2704 ad
636 2669 717 2704 tres
761 2664 923 2719 priores
963 2664 1484 2722 Tragoedias-futilissima
1520 2678 1616 2712 sunt
