<?xml version="1.0" encoding="UTF-8"?>
<!DOCTYPE html PUBLIC "-//W3C//DTD XHTML 1.0 Transitional//EN"
    "http://www.w3.org/TR/xhtml1/DTD/xhtml1-transitional.dtd">
<html xmlns="http://www.w3.org/1999/xhtml" xml:lang="en" lang="en">
 <head>
  <title>
</title>
<meta http-equiv="Content-Type" content="text/html;charset=utf-8" />
  <meta name='ocr-system' content='tesseract 3.04.00' />
  <meta name='ocr-capabilities' content='ocr_page ocr_carea ocr_par ocr_line ocrx_word'/>
</head>
<body>
  <div class='ocr_page' id='page_1' title='image "./phoenissaecumcom00euriuoft_0122.png"; bbox 0 0 2020 3326; ppageno 0'>
   <div class='ocr_carea' id='block_1_1' title="bbox 429 232 1389 278">
    <p class='ocr_par' dir='ltr' id='par_1_1' title="bbox 429 232 1389 278">
     <span class='ocr_line' id='line_1_1' title="bbox 429 232 1389 278; baseline -0.005 0"><span class='ocrx_word' id='word_1_1' title='bbox 429 238 510 278; x_wconf 77' lang='lat'>102</span> <span class='ocrx_word' id='word_1_2' title='bbox 827 232 1389 275; x_wconf 80' lang='lat' dir='ltr'><strong>COMMENTARIUS.</strong></span> 
     </span>
    </p>
   </div>
   <div class='ocr_carea' id='block_1_2' title="bbox 420 368 1805 2780">
    <p class='ocr_par' dir='ltr' id='par_1_2' title="bbox 420 368 1803 1783">
     <span class='ocr_line' id='line_1_2' title="bbox 423 368 1789 430; baseline 0.001 -19"><span class='ocrx_word' id='word_1_3' title='bbox 423 373 464 430; x_wconf 74' lang='grc' dir='ltr'>μ’</span> <span class='ocrx_word' id='word_1_4' title='bbox 497 372 729 428; x_wconf 67' lang='grc' dir='ltr'>ἔπεμψαν</span> <span class='ocrx_word' id='word_1_5' title='bbox 760 368 940 410; x_wconf 57' lang='grc' dir='ltr'>ἐνθάδ’</span> <span class='ocrx_word' id='word_1_6' title='bbox 973 368 1219 427; x_wconf 58' lang='grc' dir='ltr'>ἀκροθίνιονῗ</span> <span class='ocrx_word' id='word_1_7' title='bbox 1268 369 1364 410; x_wconf 82' lang='lat' dir='ltr'>Sive</span> <span class='ocrx_word' id='word_1_8' title='bbox 1408 369 1680 412; x_wconf 71' lang='lat' dir='ltr'>traditionem</span> <span class='ocrx_word' id='word_1_9' title='bbox 1725 386 1789 413; x_wconf 86' lang='lat' dir='ltr'>Se-</span> 
     </span>
     <span class='ocr_line' id='line_1_3' title="bbox 425 439 1781 496; baseline -0.001 -11"><span class='ocrx_word' id='word_1_10' title='bbox 425 451 549 484; x_wconf 87' lang='lat' dir='ltr'>cutus</span> <span class='ocrx_word' id='word_1_11' title='bbox 574 439 879 495; x_wconf 84' lang='lat' dir='ltr'>sitEuripideS,</span> <span class='ocrx_word' id='word_1_12' title='bbox 909 446 950 480; x_wconf 88' lang='lat' dir='ltr'>et</span> <span class='ocrx_word' id='word_1_13' title='bbox 975 440 1141 496; x_wconf 86' lang='lat' dir='ltr'>aliquid</span> <span class='ocrx_word' id='word_1_14' title='bbox 1165 454 1215 480; x_wconf 79' lang='lat' dir='ltr'>ex</span> <span class='ocrx_word' id='word_1_15' title='bbox 1236 439 1471 495; x_wconf 86' lang='lat' dir='ltr'>Phrynichi</span> <span class='ocrx_word' id='word_1_16' title='bbox 1498 440 1781 493; x_wconf 72' lang='lat' dir='ltr'><em>Phoenissis,</em></span> 
     </span>
     <span class='ocr_line' id='line_1_4' title="bbox 420 510 1786 568; baseline 0 -13"><span class='ocrx_word' id='word_1_17' title='bbox 420 516 504 556; x_wconf 89' lang='lat' dir='ltr'>sive</span> <span class='ocrx_word' id='word_1_18' title='bbox 527 514 616 568; x_wconf 89' lang='lat' dir='ltr'>ipse</span> <span class='ocrx_word' id='word_1_19' title='bbox 643 511 835 560; x_wconf 84' lang='lat' dir='ltr'>finxerit,</span> <span class='ocrx_word' id='word_1_20' title='bbox 861 510 945 551; x_wconf 88' lang='lat' dir='ltr'>hoc</span> <span class='ocrx_word' id='word_1_21' title='bbox 968 525 1065 552; x_wconf 89' lang='lat' dir='ltr'>eum</span> <span class='ocrx_word' id='word_1_22' title='bbox 1091 512 1271 553; x_wconf 87' lang='lat' dir='ltr'>voluisse</span> <span class='ocrx_word' id='word_1_23' title='bbox 1296 518 1404 568; x_wconf 88' lang='lat' dir='ltr'>puto</span> <span class='ocrx_word' id='word_1_24' title='bbox 1434 511 1696 554; x_wconf 83' lang='lat' dir='ltr'>subobscure</span> <span class='ocrx_word' id='word_1_25' title='bbox 1722 514 1786 555; x_wconf 90' lang='lat' dir='ltr'>in-</span> 
     </span>
     <span class='ocr_line' id='line_1_5' title="bbox 425 582 1787 634; baseline 0.001 -10"><span class='ocrx_word' id='word_1_26' title='bbox 425 585 643 632; x_wconf 85' lang='lat' dir='ltr'>dicatum,</span> <span class='ocrx_word' id='word_1_27' title='bbox 707 582 954 622; x_wconf 88' lang='lat' dir='ltr'>Phoenissas</span> <span class='ocrx_word' id='word_1_28' title='bbox 1017 583 1213 623; x_wconf 90' lang='lat' dir='ltr'>consulto</span> <span class='ocrx_word' id='word_1_29' title='bbox 1272 582 1440 623; x_wconf 84' lang='lat' dir='ltr'>Thebas</span> <span class='ocrx_word' id='word_1_30' title='bbox 1485 584 1628 625; x_wconf 85' lang='lat' dir='ltr'>missas</span> <span class='ocrx_word' id='word_1_31' title='bbox 1673 598 1787 634; x_wconf 89' lang='lat' dir='ltr'>esse,</span> 
     </span>
     <span class='ocr_line' id='line_1_6' title="bbox 422 653 1794 711; baseline 0.001 -16"><span class='ocrx_word' id='word_1_32' title='bbox 422 669 535 711; x_wconf 82' lang='lat' dir='ltr'>quae</span> <span class='ocrx_word' id='word_1_33' title='bbox 577 653 678 694; x_wconf 90' lang='lat' dir='ltr'>urbs</span> <span class='ocrx_word' id='word_1_34' title='bbox 710 653 878 694; x_wconf 84' lang='lat' dir='ltr'>colonia</span> <span class='ocrx_word' id='word_1_35' title='bbox 909 660 1013 694; x_wconf 89' lang='lat' dir='ltr'>esset</span> <span class='ocrx_word' id='word_1_36' title='bbox 1044 654 1169 709; x_wconf 83' lang='lat' dir='ltr'>Tyri,</span> <span class='ocrx_word' id='word_1_37' title='bbox 1212 654 1384 710; x_wconf 83' lang='lat' dir='ltr'>ipsique</span> <span class='ocrx_word' id='word_1_38' title='bbox 1418 668 1537 711; x_wconf 82' lang='lat' dir='ltr'>reges</span> <span class='ocrx_word' id='word_1_39' title='bbox 1571 656 1794 711; x_wconf 85' lang='lat' dir='ltr'>utriusque</span> 
     </span>
     <span class='ocr_line' id='line_1_7' title="bbox 424 725 1794 783; baseline 0 -16"><span class='ocrx_word' id='word_1_40' title='bbox 424 726 604 768; x_wconf 84' lang='lat' dir='ltr'>civitatis</span> <span class='ocrx_word' id='word_1_41' title='bbox 636 725 963 780; x_wconf 79' lang='lat' dir='ltr'>consanguinei:</span> <span class='ocrx_word' id='word_1_42' title='bbox 989 725 1110 775; x_wconf 22' lang='lat' dir='ltr'>*unde</span> <span class='ocrx_word' id='word_1_43' title='bbox 1141 732 1385 766; x_wconf 86' lang='lat' dir='ltr'>tenerentur</span> <span class='ocrx_word' id='word_1_44' title='bbox 1413 726 1563 767; x_wconf 90' lang='lat' dir='ltr'>eadem</span> <span class='ocrx_word' id='word_1_45' title='bbox 1592 728 1794 783; x_wconf 84' lang='lat' dir='ltr'>religione</span> 
     </span>
     <span class='ocr_line' id='line_1_8' title="bbox 425 796 1796 854; baseline -0.001 -15"><span class='ocrx_word' id='word_1_46' title='bbox 425 798 537 847; x_wconf 88' lang='lat' dir='ltr'>voti,</span> <span class='ocrx_word' id='word_1_47' title='bbox 586 796 707 852; x_wconf 90' lang='lat' dir='ltr'>quod</span> <span class='ocrx_word' id='word_1_48' title='bbox 738 810 855 837; x_wconf 87' lang='lat' dir='ltr'>nunc</span> <span class='ocrx_word' id='word_1_49' title='bbox 885 796 1073 852; x_wconf 87' lang='lat' dir='ltr'>Apollini</span> <span class='ocrx_word' id='word_1_50' title='bbox 1105 797 1316 853; x_wconf 81' lang='lat' dir='ltr'>Delphico</span> <span class='ocrx_word' id='word_1_51' title='bbox 1353 798 1608 839; x_wconf 79' lang='lat' dir='ltr'>solveretur:</span> <span class='ocrx_word' id='word_1_52' title='bbox 1656 812 1796 854; x_wconf 82' lang='lat' dir='ltr'>eoque</span> 
     </span>
     <span class='ocr_line' id='line_1_9' title="bbox 425 867 1795 925; baseline 0 -15"><span class='ocrx_word' id='word_1_53' title='bbox 425 869 559 925; x_wconf 84' lang='lat' dir='ltr'>magis</span> <span class='ocrx_word' id='word_1_54' title='bbox 603 867 725 924; x_wconf 88' lang='lat' dir='ltr'>quod</span> <span class='ocrx_word' id='word_1_55' title='bbox 766 867 873 908; x_wconf 86' lang='lat' dir='ltr'>haec</span> <span class='ocrx_word' id='word_1_56' title='bbox 905 868 1102 908; x_wconf 86' lang='lat' dir='ltr'>solemnis</span> <span class='ocrx_word' id='word_1_57' title='bbox 1132 882 1294 923; x_wconf 89' lang='lat' dir='ltr'>pompa</span> <span class='ocrx_word' id='word_1_58' title='bbox 1334 868 1390 909; x_wconf 86' lang='lat' dir='ltr'>ad</span> <span class='ocrx_word' id='word_1_59' title='bbox 1421 876 1664 924; x_wconf 81' lang='lat' dir='ltr'>occupatae</span> <span class='ocrx_word' id='word_1_60' title='bbox 1693 870 1795 910; x_wconf 88' lang='lat' dir='ltr'>olim</span> 
     </span>
     <span class='ocr_line' id='line_1_10' title="bbox 423 940 1794 996; baseline 0 -15"><span class='ocrx_word' id='word_1_61' title='bbox 423 941 520 996; x_wconf 86' lang='lat' dir='ltr'>Tyri</span> <span class='ocrx_word' id='word_1_62' title='bbox 552 940 800 981; x_wconf 81' lang='lat' dir='ltr'>memoriam</span> <span class='ocrx_word' id='word_1_63' title='bbox 834 945 1062 994; x_wconf 84' lang='lat' dir='ltr'>spectaret.</span> <span class='ocrx_word' id='word_1_64' title='bbox 1115 940 1250 979; x_wconf 89' lang='lat' dir='ltr'>Huius</span> <span class='ocrx_word' id='word_1_65' title='bbox 1279 946 1422 980; x_wconf 87' lang='lat' dir='ltr'>autem</span> <span class='ocrx_word' id='word_1_66' title='bbox 1451 940 1685 995; x_wconf 74' lang='lat' dir='ltr'>participes</span> <span class='ocrx_word' id='word_1_67' title='bbox 1715 940 1794 981; x_wconf 88' lang='lat' dir='ltr'>fie-</span> 
     </span>
     <span class='ocr_line' id='line_1_11' title="bbox 421 1010 1795 1060; baseline -0.001 -7"><span class='ocrx_word' id='word_1_68' title='bbox 421 1012 527 1054; x_wconf 85' lang='lat' dir='ltr'>bant</span> <span class='ocrx_word' id='word_1_69' title='bbox 556 1010 774 1060; x_wconf 83' lang='lat' dir='ltr'>Thebani,</span> <span class='ocrx_word' id='word_1_70' title='bbox 816 1011 849 1051; x_wconf 88' lang='lat' dir='ltr'>si</span> <span class='ocrx_word' id='word_1_71' title='bbox 882 1011 1122 1051; x_wconf 87' lang='lat' dir='ltr'>missionem</span> <span class='ocrx_word' id='word_1_72' title='bbox 1156 1010 1483 1052; x_wconf 86' lang='lat' dir='ltr'>Phoenissarum</span> <span class='ocrx_word' id='word_1_73' title='bbox 1513 1010 1668 1051; x_wconf 81' lang='lat' dir='ltr'>Thebis</span> <span class='ocrx_word' id='word_1_74' title='bbox 1697 1011 1795 1052; x_wconf 91' lang='lat' dir='ltr'>Del-</span> 
     </span>
     <span class='ocr_line' id='line_1_12' title="bbox 421 1083 1796 1141; baseline -0.001 -16"><span class='ocrx_word' id='word_1_75' title='bbox 421 1085 533 1141; x_wconf 82' lang='lat' dir='ltr'>phos</span> <span class='ocrx_word' id='word_1_76' title='bbox 562 1083 738 1124; x_wconf 90' lang='lat' dir='ltr'>solemni</span> <span class='ocrx_word' id='word_1_77' title='bbox 765 1096 927 1139; x_wconf 83' lang='lat' dir='ltr'>pompa</span> <span class='ocrx_word' id='word_1_78' title='bbox 958 1089 1335 1138; x_wconf 77' lang='lat' dir='ltr'>prosequerentur.</span> <span class='ocrx_word' id='word_1_79' title='bbox 1382 1083 1475 1123; x_wconf 88' lang='lat' dir='ltr'>Hoc</span> <span class='ocrx_word' id='word_1_80' title='bbox 1504 1089 1594 1122; x_wconf 90' lang='lat' dir='ltr'>tum</span> <span class='ocrx_word' id='word_1_81' title='bbox 1620 1096 1671 1123; x_wconf 84' lang='lat' dir='ltr'>ex</span> <span class='ocrx_word' id='word_1_82' title='bbox 1700 1084 1796 1124; x_wconf 92' lang='lat' dir='ltr'>uni-</span> 
     </span>
     <span class='ocr_line' id='line_1_13' title="bbox 421 1153 1799 1211; baseline 0 -14"><span class='ocrx_word' id='word_1_83' title='bbox 421 1169 543 1198; x_wconf 88' lang='lat' dir='ltr'>verso</span> <span class='ocrx_word' id='word_1_84' title='bbox 577 1155 634 1195; x_wconf 91' lang='lat' dir='ltr'>rei</span> <span class='ocrx_word' id='word_1_85' title='bbox 666 1161 868 1195; x_wconf 85' lang='lat' dir='ltr'>contextu</span> <span class='ocrx_word' id='word_1_86' title='bbox 898 1154 1109 1202; x_wconf 85' lang='lat' dir='ltr'>conficio,</span> <span class='ocrx_word' id='word_1_87' title='bbox 1144 1161 1235 1194; x_wconf 90' lang='lat' dir='ltr'>tum</span> <span class='ocrx_word' id='word_1_88' title='bbox 1266 1168 1316 1194; x_wconf 83' lang='lat' dir='ltr'>ex</span> <span class='ocrx_word' id='word_1_89' title='bbox 1351 1168 1413 1196; x_wconf 86' lang='lat' dir='ltr'>vs.</span> <span class='ocrx_word' id='word_1_90' title='bbox 1440 1153 1543 1195; x_wconf 79' lang='lat'><strong>285.</strong></span> <span class='ocrx_word' id='word_1_91' title='bbox 1578 1154 1724 1211; x_wconf 69' lang='grc' dir='ltr'>μέλλων</span> <span class='ocrx_word' id='word_1_92' title='bbox 1755 1154 1799 1197; x_wconf 68' lang='grc' dir='ltr'>δὲ</span> 
     </span>
     <span class='ocr_line' id='line_1_14' title="bbox 423 1225 1795 1285; baseline -0.001 -14"><span class='ocrx_word' id='word_1_93' title='bbox 423 1229 579 1285; x_wconf 80' lang='grc' dir='ltr'>πέμπειν</span> <span class='ocrx_word' id='word_1_94' title='bbox 619 1226 658 1283; x_wconf 72' lang='grc' dir='ltr'>μ’</span> <span class='ocrx_word' id='word_1_95' title='bbox 692 1225 856 1269; x_wconf 70' lang='grc' dir='ltr'><em>Οἰδίπου</em></span> <span class='ocrx_word' id='word_1_96' title='bbox 895 1226 1032 1275; x_wconf 67' lang='grc' dir='ltr'>κλεινὸς</span> <span class='ocrx_word' id='word_1_97' title='bbox 1075 1228 1178 1282; x_wconf 78' lang='grc' dir='ltr'>γόνος</span> <span class='ocrx_word' id='word_1_98' title='bbox 1220 1228 1381 1283; x_wconf 76' lang='grc' dir='ltr'>μαντεῖα</span> <span class='ocrx_word' id='word_1_99' title='bbox 1422 1227 1543 1282; x_wconf 72' lang='grc' dir='ltr'>σεμνὰ</span> <span class='ocrx_word' id='word_1_100' title='bbox 1584 1226 1731 1277; x_wconf 80' lang='grc' dir='ltr'><strong><em>Λοξίου</em></strong></span> <span class='ocrx_word' id='word_1_101' title='bbox 1763 1227 1795 1269; x_wconf 82' lang='grc' dir='ltr'>τ’</span> 
     </span>
     <span class='ocr_line' id='line_1_15' title="bbox 425 1297 1802 1359; baseline -0.003 -16"><span class='ocrx_word' id='word_1_102' title='bbox 425 1300 484 1343; x_wconf 79' lang='grc' dir='ltr'>ἐπ’</span> <span class='ocrx_word' id='word_1_103' title='bbox 517 1299 694 1359; x_wconf 71' lang='grc' dir='ltr'>ἐσχάρας</span> <span class='ocrx_word' id='word_1_104' title='bbox 708 1333 724 1354; x_wconf 66' lang='grc'>,</span> <span class='ocrx_word' id='word_1_105' title='bbox 756 1299 823 1339; x_wconf 89' lang='grc' dir='ltr'>Ἐν</span> <span class='ocrx_word' id='word_1_106' title='bbox 855 1298 947 1356; x_wconf 71' lang='grc' dir='ltr'>τῷδ’</span> <span class='ocrx_word' id='word_1_107' title='bbox 982 1298 1292 1357; x_wconf 70' lang='grc' dir='ltr'>ἐπεστράτευσαν</span> <span class='ocrx_word' id='word_1_108' title='bbox 1324 1297 1486 1357; x_wconf 75' lang='grc' dir='ltr'><em>Ἀργεῖοι</em></span> <span class='ocrx_word' id='word_1_109' title='bbox 1517 1298 1636 1341; x_wconf 68' lang='grc' dir='ltr'>πόλιν.</span> <span class='ocrx_word' id='word_1_110' title='bbox 1682 1298 1802 1355; x_wconf 90' lang='lat' dir='ltr'>Opus</span> 
     </span>
     <span class='ocr_line' id='line_1_16' title="bbox 428 1369 1796 1424; baseline -0.002 -12"><span class='ocrx_word' id='word_1_111' title='bbox 428 1378 542 1412; x_wconf 89' lang='lat' dir='ltr'>certe</span> <span class='ocrx_word' id='word_1_112' title='bbox 578 1384 665 1411; x_wconf 89' lang='lat' dir='ltr'>non</span> <span class='ocrx_word' id='word_1_113' title='bbox 702 1376 785 1419; x_wconf 90' lang='lat' dir='ltr'>est,</span> <span class='ocrx_word' id='word_1_114' title='bbox 833 1369 954 1424; x_wconf 87' lang='lat' dir='ltr'>qnod</span> <span class='ocrx_word' id='word_1_115' title='bbox 996 1370 1171 1409; x_wconf 86' lang='lat' dir='ltr'>fortasse</span> <span class='ocrx_word' id='word_1_116' title='bbox 1214 1370 1311 1424; x_wconf 83' lang='lat' dir='ltr'>quis</span> <span class='ocrx_word' id='word_1_117' title='bbox 1340 1370 1563 1419; x_wconf 71' lang='lat' dir='ltr'>conficiat,</span> <span class='ocrx_word' id='word_1_118' title='bbox 1611 1375 1657 1409; x_wconf 83' lang='lat' dir='ltr'>ut</span> <span class='ocrx_word' id='word_1_119' title='bbox 1688 1369 1796 1410; x_wconf 83' lang='lat' dir='ltr'>hace</span> 
     </span>
     <span class='ocr_line' id='line_1_17' title="bbox 430 1440 1799 1496; baseline -0.002 -13"><span class='ocrx_word' id='word_1_120' title='bbox 430 1449 682 1484; x_wconf 78' lang='lat' dir='ltr'>censeantur</span> <span class='ocrx_word' id='word_1_121' title='bbox 708 1441 918 1496; x_wconf 83' lang='lat' dir='ltr'>respicere</span> <span class='ocrx_word' id='word_1_122' title='bbox 945 1441 1196 1480; x_wconf 86' lang='lat' dir='ltr'>comitatum</span> <span class='ocrx_word' id='word_1_123' title='bbox 1219 1441 1443 1480; x_wconf 89' lang='lat' dir='ltr'>militarem</span> <span class='ocrx_word' id='word_1_124' title='bbox 1469 1440 1650 1496; x_wconf 82' lang='lat' dir='ltr'>virgines</span> <span class='ocrx_word' id='word_1_125' title='bbox 1676 1447 1799 1480; x_wconf 89' lang='lat' dir='ltr'>tuen-</span> 
     </span>
     <span class='ocr_line' id='line_1_18' title="bbox 431 1511 1800 1566; baseline -0.003 -11"><span class='ocrx_word' id='word_1_126' title='bbox 431 1515 475 1555; x_wconf 91' lang='lat' dir='ltr'>di</span> <span class='ocrx_word' id='word_1_127' title='bbox 518 1527 660 1554; x_wconf 82' lang='lat' dir='ltr'>causa.</span> <span class='ocrx_word' id='word_1_128' title='bbox 736 1513 822 1552; x_wconf 84' lang='lat' dir='ltr'>Has</span> <span class='ocrx_word' id='word_1_129' title='bbox 875 1512 986 1552; x_wconf 90' lang='lat' dir='ltr'>enim</span> <span class='ocrx_word' id='word_1_130' title='bbox 1031 1511 1266 1551; x_wconf 88' lang='lat' dir='ltr'>istiusmodi</span> <span class='ocrx_word' id='word_1_131' title='bbox 1311 1511 1526 1566; x_wconf 88' lang='lat' dir='ltr'>praesidio</span> <span class='ocrx_word' id='word_1_132' title='bbox 1573 1512 1800 1552; x_wconf 86' lang='lat' dir='ltr'>instructas</span> 
     </span>
     <span class='ocr_line' id='line_1_19' title="bbox 433 1581 1800 1639; baseline -0.004 -12"><span class='ocrx_word' id='word_1_133' title='bbox 433 1586 559 1627; x_wconf 84' lang='lat' dir='ltr'>fuisse</span> <span class='ocrx_word' id='word_1_134' title='bbox 594 1599 618 1625; x_wconf 86' lang='lat' dir='ltr'>a</span> <span class='ocrx_word' id='word_1_135' title='bbox 657 1584 814 1639; x_wconf 79' lang='lat' dir='ltr'>Tyriis,</span> <span class='ocrx_word' id='word_1_136' title='bbox 865 1584 961 1638; x_wconf 82' lang='lat' dir='ltr'>quis</span> <span class='ocrx_word' id='word_1_137' title='bbox 993 1581 1241 1623; x_wconf 77' lang='lat' dir='ltr'>dubitabit?</span> <span class='ocrx_word' id='word_1_138' title='bbox 1293 1581 1457 1637; x_wconf 84' lang='lat' dir='ltr'>absque</span> <span class='ocrx_word' id='word_1_139' title='bbox 1500 1581 1800 1622; x_wconf 82' lang='lat' dir='ltr'>Thebanorum</span> 
     </span>
     <span class='ocr_line' id='line_1_20' title="bbox 432 1653 1803 1710; baseline -0.003 -13"><span class='ocrx_word' id='word_1_140' title='bbox 432 1663 547 1697; x_wconf 82' lang='lat' dir='ltr'>certe</span> <span class='ocrx_word' id='word_1_141' title='bbox 577 1656 735 1696; x_wconf 82' lang='lat' dir='ltr'>auxilio</span> <span class='ocrx_word' id='word_1_142' title='bbox 761 1661 802 1695; x_wconf 90' lang='lat' dir='ltr'>et</span> <span class='ocrx_word' id='word_1_143' title='bbox 826 1654 1144 1710; x_wconf 86' lang='lat' dir='ltr'>navigationem</span> <span class='ocrx_word' id='word_1_144' title='bbox 1173 1653 1466 1709; x_wconf 79' lang='lat' dir='ltr'>perfecerant,</span> <span class='ocrx_word' id='word_1_145' title='bbox 1502 1659 1542 1693; x_wconf 82' lang='lat' dir='ltr'>et</span> <span class='ocrx_word' id='word_1_146' title='bbox 1571 1660 1682 1694; x_wconf 86' lang='lat' dir='ltr'>terra</span> <span class='ocrx_word' id='word_1_147' title='bbox 1699 1654 1803 1694; x_wconf 88' lang='lat' dir='ltr'>The-</span> 
     </span>
     <span class='ocr_line' id='line_1_21' title="bbox 429 1724 1685 1783; baseline -0.005 -13"><span class='ocrx_word' id='word_1_148' title='bbox 429 1729 506 1770; x_wconf 83' lang='lat' dir='ltr'>bas</span> <span class='ocrx_word' id='word_1_149' title='bbox 534 1732 840 1783; x_wconf 85' lang='lat' dir='ltr'>pervenerant,</span> <span class='ocrx_word' id='word_1_150' title='bbox 880 1725 979 1766; x_wconf 90' lang='lat' dir='ltr'>inde</span> <span class='ocrx_word' id='word_1_151' title='bbox 1011 1724 1065 1765; x_wconf 87' lang='lat' dir='ltr'>ab</span> <span class='ocrx_word' id='word_1_152' title='bbox 1097 1738 1147 1764; x_wconf 94' lang='lat' dir='ltr'>eo</span> <span class='ocrx_word' id='word_1_153' title='bbox 1178 1725 1276 1764; x_wconf 91' lang='lat' dir='ltr'>loco</span> <span class='ocrx_word' id='word_1_154' title='bbox 1309 1724 1380 1765; x_wconf 91' lang='lat' dir='ltr'>ubi</span> <span class='ocrx_word' id='word_1_155' title='bbox 1411 1725 1685 1779; x_wconf 85' lang='lat' dir='ltr'>appulerant.</span> 
     </span>
    </p>

    <p class='ocr_par' dir='ltr' id='par_1_3' title="bbox 430 1795 1805 2780">
     <span class='ocr_line' id='line_1_22' title="bbox 489 1795 1800 1858; baseline -0.005 -17"><span class='ocrx_word' id='word_1_156' title='bbox 489 1800 570 1841; x_wconf 84' lang='lat'>211</span> <span class='ocrx_word' id='word_1_157' title='bbox 591 1813 686 1854; x_wconf 81' lang='lat' dir='ltr'>sqq.</span> <span class='ocrx_word' id='word_1_158' title='bbox 718 1798 946 1858; x_wconf 71' lang='grc' dir='ltr'>περιρρύτων</span> <span class='ocrx_word' id='word_1_159' title='bbox 966 1822 1022 1827; x_wconf 82' lang='lat'>——</span> <span class='ocrx_word' id='word_1_160' title='bbox 1042 1795 1264 1852; x_wconf 67' lang='grc' dir='ltr'>κελάδημα.</span> <span class='ocrx_word' id='word_1_161' title='bbox 1300 1795 1506 1836; x_wconf 83' lang='lat' dir='ltr'>Aestuant</span> <span class='ocrx_word' id='word_1_162' title='bbox 1531 1796 1573 1835; x_wconf 89' lang='lat' dir='ltr'>in</span> <span class='ocrx_word' id='word_1_163' title='bbox 1599 1795 1683 1836; x_wconf 84' lang='lat' dir='ltr'>lioc</span> <span class='ocrx_word' id='word_1_164' title='bbox 1703 1796 1800 1835; x_wconf 92' lang='lat' dir='ltr'>loco</span> 
     </span>
     <span class='ocr_line' id='line_1_23' title="bbox 431 1866 1799 1926; baseline -0.004 -15"><span class='ocrx_word' id='word_1_165' title='bbox 431 1871 712 1926; x_wconf 85' lang='lat' dir='ltr'>Interpretes,</span> <span class='ocrx_word' id='word_1_166' title='bbox 754 1884 941 1924; x_wconf 89' lang='lat' dir='ltr'>quorum</span> <span class='ocrx_word' id='word_1_167' title='bbox 976 1868 1250 1909; x_wconf 87' lang='lat' dir='ltr'>recentissimi</span> <span class='ocrx_word' id='word_1_168' title='bbox 1282 1867 1494 1907; x_wconf 86' lang='lat' dir='ltr'>affirmant</span> <span class='ocrx_word' id='word_1_169' title='bbox 1528 1873 1643 1906; x_wconf 87' lang='lat' dir='ltr'>recte</span> <span class='ocrx_word' id='word_1_170' title='bbox 1671 1866 1799 1906; x_wconf 87' lang='lat' dir='ltr'>hodie</span> 
     </span>
     <span class='ocr_line' id='line_1_24' title="bbox 430 1939 1801 1997; baseline -0.003 -15"><span class='ocrx_word' id='word_1_171' title='bbox 430 1942 607 1997; x_wconf 79' lang='lat' dir='ltr'>intelligi</span> <span class='ocrx_word' id='word_1_172' title='bbox 647 1940 878 1996; x_wconf 82' lang='lat' dir='ltr'>significari</span> <span class='ocrx_word' id='word_1_173' title='bbox 916 1939 970 1980; x_wconf 90' lang='lat' dir='ltr'>ab</span> <span class='ocrx_word' id='word_1_174' title='bbox 1001 1939 1206 1995; x_wconf 87' lang='lat' dir='ltr'>Euripide</span> <span class='ocrx_word' id='word_1_175' title='bbox 1247 1953 1448 1993; x_wconf 70' lang='lat' dir='ltr'>aequora</span> <span class='ocrx_word' id='word_1_176' title='bbox 1483 1940 1639 1993; x_wconf 65' lang='lat' dir='ltr'>ponti,</span> <span class='ocrx_word' id='word_1_177' title='bbox 1685 1952 1801 1992; x_wconf 79' lang='lat' dir='ltr'>quae</span> 
     </span>
     <span class='ocr_line' id='line_1_25' title="bbox 431 2008 1799 2065; baseline -0.004 -12"><span class='ocrx_word' id='word_1_178' title='bbox 431 2016 600 2054; x_wconf 61' lang='lat' dir='ltr'>circam</span> <span class='ocrx_word' id='word_1_179' title='bbox 622 2012 829 2052; x_wconf 56' lang='lat' dir='ltr'>Siciliam</span> <span class='ocrx_word' id='word_1_180' title='bbox 854 2016 1072 2052; x_wconf 70' lang='lat' dir='ltr'>aestuent.</span> <span class='ocrx_word' id='word_1_181' title='bbox 1116 2010 1210 2050; x_wconf 89' lang='lat' dir='ltr'>Non</span> <span class='ocrx_word' id='word_1_182' title='bbox 1236 2010 1344 2065; x_wconf 81' lang='lat' dir='ltr'>fugit</span> <span class='ocrx_word' id='word_1_183' title='bbox 1368 2010 1474 2049; x_wconf 83' lang='lat' dir='ltr'>haec</span> <span class='ocrx_word' id='word_1_184' title='bbox 1504 2008 1799 2064; x_wconf 82' lang='lat' dir='ltr'>interpretatio</span> 
     </span>
     <span class='ocr_line' id='line_1_26' title="bbox 431 2080 1798 2140; baseline -0.004 -14"><span class='ocrx_word' id='word_1_185' title='bbox 431 2084 820 2132; x_wconf 86' lang='lat' dir='ltr'>Valckenaerium‚</span> <span class='ocrx_word' id='word_1_186' title='bbox 883 2082 1119 2138; x_wconf 86' lang='lat' dir='ltr'>prudenter</span> <span class='ocrx_word' id='word_1_187' title='bbox 1172 2081 1417 2121; x_wconf 86' lang='lat' dir='ltr'>haerentem</span> <span class='ocrx_word' id='word_1_188' title='bbox 1467 2081 1510 2121; x_wconf 91' lang='lat' dir='ltr'>in</span> <span class='ocrx_word' id='word_1_189' title='bbox 1557 2080 1798 2140; x_wconf 73' lang='grc' dir='ltr'>περιρρύτων.</span> 
     </span>
     <span class='ocr_line' id='line_1_27' title="bbox 431 2152 1802 2212; baseline -0.005 -15"><span class='ocrx_word' id='word_1_190' title='bbox 431 2157 545 2212; x_wconf 84' lang='lat' dir='ltr'>Ego,</span> <span class='ocrx_word' id='word_1_191' title='bbox 587 2156 619 2196; x_wconf 90' lang='lat' dir='ltr'>si</span> <span class='ocrx_word' id='word_1_192' title='bbox 650 2170 748 2197; x_wconf 86' lang='lat' dir='ltr'>vera</span> <span class='ocrx_word' id='word_1_193' title='bbox 784 2161 866 2203; x_wconf 90' lang='lat' dir='ltr'>est,</span> <span class='ocrx_word' id='word_1_194' title='bbox 911 2154 978 2193; x_wconf 90' lang='lat' dir='ltr'>aio</span> <span class='ocrx_word' id='word_1_195' title='bbox 1009 2153 1259 2208; x_wconf 87' lang='lat' dir='ltr'>Euripidem</span> <span class='ocrx_word' id='word_1_196' title='bbox 1291 2153 1483 2207; x_wconf 84' lang='lat' dir='ltr'>aenigma</span> <span class='ocrx_word' id='word_1_197' title='bbox 1517 2152 1802 2206; x_wconf 87' lang='lat' dir='ltr'>proposuisse.</span> 
     </span>
     <span class='ocr_line' id='line_1_28' title="bbox 431 2223 1805 2283; baseline -0.004 -14"><span class='ocrx_word' id='word_1_198' title='bbox 431 2228 571 2269; x_wconf 84' lang='lat' dir='ltr'>Recte</span> <span class='ocrx_word' id='word_1_199' title='bbox 601 2227 777 2283; x_wconf 87' lang='lat' dir='ltr'>quidem</span> <span class='ocrx_word' id='word_1_200' title='bbox 808 2226 1074 2266; x_wconf 86' lang='lat' dir='ltr'>conferretur</span> <span class='ocrx_word' id='word_1_201' title='bbox 1105 2225 1378 2264; x_wconf 85' lang='lat' dir='ltr'>Homericum</span> <span class='ocrx_word' id='word_1_202' title='bbox 1415 2223 1610 2265; x_wconf 54' lang='grc' dir='ltr'>,θάλασσα</span> <span class='ocrx_word' id='word_1_203' title='bbox 1642 2224 1805 2281; x_wconf 75' lang='grc' dir='ltr'><em>ἀτρύγε-</em></span> 
     </span>
     <span class='ocr_line' id='line_1_29' title="bbox 439 2294 1802 2354; baseline -0.006 -14"><span class='ocrx_word' id='word_1_204' title='bbox 439 2316 500 2348; x_wconf 77' lang='grc' dir='ltr'>τος</span> <span class='ocrx_word' id='word_1_205' title='bbox 536 2298 676 2354; x_wconf 89' lang='lat' dir='ltr'>(quod</span> <span class='ocrx_word' id='word_1_206' title='bbox 701 2298 894 2338; x_wconf 87' lang='lat' dir='ltr'>fecerunt</span> <span class='ocrx_word' id='word_1_207' title='bbox 919 2296 1082 2336; x_wconf 90' lang='lat' dir='ltr'>Scholl.</span> <span class='ocrx_word' id='word_1_208' title='bbox 1101 2295 1156 2336; x_wconf 85' lang='lat' dir='ltr'>ad</span> <span class='ocrx_word' id='word_1_209' title='bbox 1175 2295 1218 2335; x_wconf 90' lang='lat' dir='ltr'>h.</span> <span class='ocrx_word' id='word_1_210' title='bbox 1233 2296 1258 2335; x_wconf 89' lang='lat' dir='ltr'>l.</span> <span class='ocrx_word' id='word_1_211' title='bbox 1281 2302 1321 2335; x_wconf 86' lang='lat' dir='ltr'>et</span> <span class='ocrx_word' id='word_1_212' title='bbox 1339 2295 1394 2335; x_wconf 86' lang='lat' dir='ltr'>ad</span> <span class='ocrx_word' id='word_1_213' title='bbox 1411 2295 1532 2335; x_wconf 87' lang='lat' dir='ltr'>Hom.</span> <span class='ocrx_word' id='word_1_214' title='bbox 1553 2295 1602 2334; x_wconf 93' lang='lat' dir='ltr'>Il.</span> <span class='ocrx_word' id='word_1_215' title='bbox 1621 2295 1713 2336; x_wconf 87' lang='lat' dir='ltr'>XV.</span> <span class='ocrx_word' id='word_1_216' title='bbox 1730 2294 1802 2336; x_wconf 82' lang='lat'>27.</span> 
     </span>
     <span class='ocr_line' id='line_1_30' title="bbox 434 2365 1802 2422; baseline -0.006 -10"><span class='ocrx_word' id='word_1_217' title='bbox 434 2371 507 2411; x_wconf 83' lang='lat' dir='ltr'>hic</span> <span class='ocrx_word' id='word_1_218' title='bbox 536 2371 894 2411; x_wconf 74' lang='lat' dir='ltr'>Phoenz&#39;ssarum</span> <span class='ocrx_word' id='word_1_219' title='bbox 924 2366 1130 2422; x_wconf 85' lang='lat' dir='ltr'>memor),</span> <span class='ocrx_word' id='word_1_220' title='bbox 1163 2367 1195 2406; x_wconf 89' lang='lat' dir='ltr'>si</span> <span class='ocrx_word' id='word_1_221' title='bbox 1221 2366 1446 2420; x_wconf 89' lang='lat' dir='ltr'>Euripides</span> <span class='ocrx_word' id='word_1_222' title='bbox 1469 2367 1611 2406; x_wconf 64' lang='lat' dir='ltr'>maris</span> <span class='ocrx_word' id='word_1_223' title='bbox 1638 2365 1701 2404; x_wconf 93' lang='lat' dir='ltr'>vel</span> <span class='ocrx_word' id='word_1_224' title='bbox 1726 2378 1802 2404; x_wconf 78' lang='lat' dir='ltr'>scz—</span> 
     </span>
     <span class='ocr_line' id='line_1_31' title="bbox 439 2435 1803 2493; baseline -0.006 -11"><span class='ocrx_word' id='word_1_225' title='bbox 439 2443 499 2483; x_wconf 57' lang='lat' dir='ltr'>lis</span> <span class='ocrx_word' id='word_1_226' title='bbox 543 2455 699 2481; x_wconf 88' lang='lat' dir='ltr'>nomen</span> <span class='ocrx_word' id='word_1_227' title='bbox 741 2440 992 2488; x_wconf 85' lang='lat' dir='ltr'>addidisset,</span> <span class='ocrx_word' id='word_1_228' title='bbox 1039 2437 1182 2493; x_wconf 87' lang='lat' dir='ltr'>quod,</span> <span class='ocrx_word' id='word_1_229' title='bbox 1230 2438 1307 2477; x_wconf 87' lang='lat' dir='ltr'>nisi</span> <span class='ocrx_word' id='word_1_230' title='bbox 1338 2451 1405 2476; x_wconf 89' lang='lat' dir='ltr'>me</span> <span class='ocrx_word' id='word_1_231' title='bbox 1435 2435 1636 2476; x_wconf 86' lang='lat' dir='ltr'>memoria</span> <span class='ocrx_word' id='word_1_232' title='bbox 1669 2435 1803 2484; x_wconf 87' lang='lat' dir='ltr'>fallit,</span> 
     </span>
     <span class='ocr_line' id='line_1_32' title="bbox 435 2506 1801 2568; baseline -0.006 -15"><span class='ocrx_word' id='word_1_233' title='bbox 435 2527 674 2568; x_wconf 83' lang='lat' dir='ltr'>numquam</span> <span class='ocrx_word' id='word_1_234' title='bbox 704 2512 934 2552; x_wconf 86' lang='lat' dir='ltr'>omiserunt</span> <span class='ocrx_word' id='word_1_235' title='bbox 963 2516 1122 2551; x_wconf 87' lang='lat' dir='ltr'>veteres</span> <span class='ocrx_word' id='word_1_236' title='bbox 1151 2509 1195 2549; x_wconf 89' lang='lat' dir='ltr'>in</span> <span class='ocrx_word' id='word_1_237' title='bbox 1225 2508 1308 2548; x_wconf 85' lang='lat' dir='ltr'>hac</span> <span class='ocrx_word' id='word_1_238' title='bbox 1339 2506 1614 2562; x_wconf 86' lang='lat' dir='ltr'>metaphora:</span> <span class='ocrx_word' id='word_1_239' title='bbox 1647 2520 1801 2560; x_wconf 88' lang='lat' dir='ltr'>quam-</span> 
     </span>
     <span class='ocr_line' id='line_1_33' title="bbox 441 2577 1802 2638; baseline -0.005 -15"><span class='ocrx_word' id='word_1_240' title='bbox 441 2598 572 2637; x_wconf 81' lang='lat' dir='ltr'>quam</span> <span class='ocrx_word' id='word_1_241' title='bbox 604 2583 801 2638; x_wconf 80' lang='lat' dir='ltr'>analogia</span> <span class='ocrx_word' id='word_1_242' title='bbox 836 2595 923 2622; x_wconf 86' lang='lat' dir='ltr'>non</span> <span class='ocrx_word' id='word_1_243' title='bbox 953 2580 1130 2637; x_wconf 88' lang='lat' dir='ltr'>impedit</span> <span class='ocrx_word' id='word_1_244' title='bbox 1161 2579 1391 2635; x_wconf 85' lang='lat' dir='ltr'>quominus</span> <span class='ocrx_word' id='word_1_245' title='bbox 1421 2577 1646 2636; x_wconf 71' lang='grc' dir='ltr'>περιρρύτων</span> <span class='ocrx_word' id='word_1_246' title='bbox 1678 2577 1802 2617; x_wconf 87' lang='lat' dir='ltr'>intel-</span> 
     </span>
     <span class='ocr_line' id='line_1_34' title="bbox 438 2648 1801 2709; baseline -0.005 -16"><span class='ocrx_word' id='word_1_247' title='bbox 438 2654 544 2709; x_wconf 82' lang='lat' dir='ltr'>ligas</span> <span class='ocrx_word' id='word_1_248' title='bbox 572 2654 1000 2708; x_wconf 66' lang='lat' dir='ltr'>elrczmy‘iueutlum,</span> <span class='ocrx_word' id='word_1_249' title='bbox 1036 2659 1179 2692; x_wconf 87' lang='lat' dir='ltr'>tamen</span> <span class='ocrx_word' id='word_1_250' title='bbox 1210 2664 1308 2690; x_wconf 89' lang='lat' dir='ltr'>usus</span> <span class='ocrx_word' id='word_1_251' title='bbox 1336 2648 1469 2690; x_wconf 86' lang='lat' dir='ltr'>voluit</span> <span class='ocrx_word' id='word_1_252' title='bbox 1500 2654 1546 2688; x_wconf 85' lang='lat' dir='ltr'>ut</span> <span class='ocrx_word' id='word_1_253' title='bbox 1579 2654 1682 2688; x_wconf 90' lang='lat' dir='ltr'>esset</span> <span class='ocrx_word' id='word_1_254' title='bbox 1714 2650 1801 2687; x_wconf 75' lang='grc' dir='ltr'>οἱν-</span> 
     </span>
     <span class='ocr_line' id='line_1_35' title="bbox 443 2719 1805 2780; baseline -0.005 -15"><span class='ocrx_word' id='word_1_255' title='bbox 443 2725 734 2780; x_wconf 65' lang='lat' dir='ltr'>cuvgssuorum</span> <span class='ocrx_word' id='word_1_256' title='bbox 764 2724 793 2764; x_wconf 91' lang='lat' dir='ltr'>i.</span> <span class='ocrx_word' id='word_1_257' title='bbox 820 2738 855 2764; x_wconf 86' lang='lat' dir='ltr'>e.</span> <span class='ocrx_word' id='word_1_258' title='bbox 897 2737 1010 2779; x_wconf 86' lang='lat' dir='ltr'>quae</span> <span class='ocrx_word' id='word_1_259' title='bbox 1043 2737 1065 2763; x_wconf 83' lang='lat' dir='ltr'>a</span> <span class='ocrx_word' id='word_1_260' title='bbox 1098 2721 1303 2762; x_wconf 86' lang='lat' dir='ltr'>fluctibus</span> <span class='ocrx_word' id='word_1_261' title='bbox 1335 2719 1680 2760; x_wconf 85' lang='lat' dir='ltr'>circumdantur:</span> <span class='ocrx_word' id='word_1_262' title='bbox 1716 2724 1805 2759; x_wconf 78' lang='lat' dir='ltr'>tum</span> 
     </span>
    </p>
   </div>
  </div>
 </body>
</html>
