2020 3326
417 250 498 290 122
816 244 1378 287 COMMENTARIUS.

467 384 552 428 476
568 399 631 439 sq.
674 383 752 439 ἐγὼ
776 381 819 424 δὲ
842 382 985 441 πατρὸς
1006 381 1201 437 δωμάτων
1221 381 1521 441 προὺσκεψάμην

675 455 811 511 τούμόν
830 470 870 495 τε
896 453 960 494 καὶ
983 452 1089 495 τοῦδ’
1107 468 1115 476 ·
1152 453 1323 511 ἐκφυγεῖν
1345 458 1500 514 χρῄζων
1522 455 1622 515 ἀρὰς
1650 455 1730 497 κτὲ.

408 527 546 568 Recte
577 526 779 581 quidem,
818 532 863 566 ut
891 532 1022 581 puto,
1059 525 1318 580 improbavit
1349 527 1617 567 Hermannus
1647 528 1776 567 inter-

406 598 689 653 pretationem
732 597 1033 639 Valckenaerii
1076 604 1117 637 et
1157 597 1401 647 Matthiaei,
1457 599 1534 654 qui
1578 599 1776 639 dixerunt

406 668 514 708 haee
558 683 666 709 esse:
710 668 932 725 ἐσκεψάμην
963 670 1004 710 τὸ
1039 668 1126 725 ἐμὸν
1158 669 1222 710 καὶ
1258 670 1300 711 τὸ
1331 669 1443 711 τοῦδε
1475 671 1548 730 πρὸ
1581 669 1776 726 δωμάτων

404 742 568 797 πατρόςε
616 741 723 781 11000
763 742 963 781 nimirum
1007 742 1157 796 quiin
1195 741 1361 782 theatro
1402 742 1598 783 audirent
1637 742 1775 784 verbis

401 812 533 852 inesse
571 826 660 853 non
690 813 982 853 intellecturos
1014 813 1156 853 fuisse.
1207 813 1300 853 Hoc
1332 827 1432 855 vero
1467 828 1554 854 non
1586 820 1672 854 tam
1706 828 1773 854 me

400 884 551 924 retinet
593 898 726 939 quam
775 884 1007 939 cogitatio,
1059 884 1307 939 Polynicem
1360 884 1459 925 talia
1502 885 1646 925 dicere
1686 899 1775 926 non

399 969 550 1010 posse,
584 957 773 1011 quippe,
809 963 988 1011 excepta
1023 956 1279 1007 ambitione,
1314 957 1357 996 in
1387 956 1471 997 1100
1504 957 1680 1012 quidem
1716 958 1773 998 fa—

397 1027 498 1067 bula
543 1027 730 1082 probum
772 1034 811 1067 et
844 1028 1002 1067 iustum
1034 1035 1074 1068 et
1104 1035 1333 1083 parentum
1363 1028 1604 1083 domusque
1635 1035 1774 1084 pater-

399 1113 480 1139 nae
523 1105 750 1139 amantem.
809 1099 925 1151 Quin
958 1100 988 1139 si
1028 1099 1252 1154 Polynices
1290 1113 1391 1140 suae
1434 1100 1662 1155 fratrisque
1705 1114 1772 1140 sa-

398 1170 477 1210 luti
515 1170 834 1225 prospiciebat,
887 1171 1042 1227 ipsanr
1071 1171 1247 1211 domum
1290 1178 1515 1226 paternam
1559 1171 1768 1212 servabat.

396 1242 448 1281 Et
489 1247 631 1281 tamen
681 1241 883 1297 amplecti
922 1256 1094 1297 nequeo
1144 1243 1541 1298 interpretationem
1581 1243 1764 1282 Klotzii:

397 1327 476 1370 ego
527 1327 632 1353 vero
680 1318 909 1368 paternae
965 1314 1119 1354 domm·
1163 1317 1394 1370 prospexi
1439 1320 1480 1354 et
1536 1329 1676 1354 meam
1728 1320 1771 1355 et

398 1390 524 1425 laam
546 1386 705 1432 vicem,
744 1385 951 1439 quoniam
978 1386 1072 1425 talis
1107 1386 1369 1425 constructio
1396 1385 1513 1426 verbi
1540 1387 1773 1445 προσκέπτε-

398 1457 495 1498 σθαι
521 1470 619 1496 cum
648 1455 813 1510 duplici
841 1470 941 1496 casu
969 1457 1086 1496 nulla
1117 1457 1322 1496 facilitate
1346 1458 1698 1507 commendatur,
1731 1464 1771 1498 et

396 1542 495 1568 usus
526 1527 699 1582 genitivi
731 1540 829 1567 cum
861 1540 911 1566 eo
936 1526 1066 1568 verbo
1100 1528 1293 1567 nondum
1324 1528 1527 1581 exemplis
1558 1528 1773 1569 stabilitus

395 1606 469 1639 est.
514 1598 634 1639 Unde
666 1612 752 1638 non
787 1598 938 1638 dubito
977 1600 1084 1653 quin
1115 1600 1323 1654 genitivus
1360 1597 1557 1654 δωμάτων
1595 1613 1768 1654 suspen-

395 1684 464 1710 sus
501 1670 550 1709 sit
588 1670 641 1710 ab
678 1669 815 1725 τούμόν
848 1685 887 1711 τε
920 1668 985 1710 καὶ
1018 1669 1146 1711 τοῦδ’;
1187 1685 1319 1725 quam
1350 1671 1462 1711 viam
1494 1672 1765 1711 Hermannus

395 1755 574 1796 quoque
614 1748 784 1781 secutus
825 1748 885 1781 est
926 1748 1113 1782 vertens:
1151 1747 1378 1796 paternae
1410 1742 1568 1782 domus
1600 1756 1692 1782 meo
1725 1748 1767 1782 et

394 1813 526 1852 illius
557 1813 656 1852 iura·
676 1814 925 1868 prospexi:
967 1812 1075 1853 haee
1108 1820 1250 1853 autem
1285 1827 1371 1853 nou
1402 1814 1500 1853 satis
1534 1814 1766 1855 cohaerent

397 1897 497 1923 cum
541 1883 843 1938 sequentibus,
888 1884 972 1924 sive
1015 1885 1181 1940 virgula
1222 1891 1317 1939 post
1350 1883 1456 1925 τοῦδ’
1488 1885 1768 1940 interpungas

395 1955 478 1995 sive
511 1955 593 1995 coli
626 1956 769 2011 signo:
804 1962 985 2011 apparet
1020 1956 1131 1996 enim
1159 1956 1445 2011 praecipuum
1491 1956 1612 2011 quod
1650 1957 1769 2012 cogi-

395 2032 454 2065 tet
493 2027 738 2080 Polynices,
785 2040 871 2066 esse
911 2027 1045 2082 patris
1085 2026 1223 2067 diras:
1264 2034 1304 2067 et
1337 2028 1674 2087 προσκέπτεσὲαι,
1719 2034 1766 2068 ut

394 2099 651 2156 προσκοπεῖν,
694 2104 753 2138 est
791 2103 923 2147 ante,
959 2100 1239 2153 priusquam
1269 2113 1369 2139 Sero
1397 2102 1483 2149 sit,
1530 2099 1762 2140 attendere

395 2169 600 2225 aliquid:
659 2169 939 2224 quamobrem
982 2169 1086 2209 mihi
1138 2171 1225 2210 sere
1266 2185 1516 2226 persuasum
1555 2178 1614 2211 est
1658 2171 1763 2211 seri·

394 2241 525 2294 psisse
557 2241 805 2296 Euripidem
837 2239 1053 2296 δειμάτων;
1088 2256 1165 2297 ego
1195 2256 1322 2291 vero,
1355 2248 1578 2297 quamam
1609 2242 1672 2282 acl
1699 2256 1764 2281 me

397 2317 439 2351 et
455 2311 663 2366 fratrem
695 2315 882 2362 attinet,
921 2315 1069 2353 mina-s·
1094 2316 1251 2368 patris
1282 2316 1409 2365 eavl;
1449 2327 1563 2368 quae
1594 2313 1763 2367 Euripi-

397 2383 478 2422 deo
522 2398 639 2424 more
678 2384 846 2440 plenius
889 2384 1044 2424 deinde
1090 2386 1384 2439 explicantur:
1437 2385 1493 2425 cf.
1536 2398 1665 2439 supra
1705 2397 1765 2423 vs,

397 2452 453 2493 69
469 2468 565 2510 sqq.
606 2455 780 2496 Brevius
817 2455 1022 2496 Adrastus
1051 2456 1094 2495 in
1126 2454 1285 2511 Suppl.
1317 2455 1412 2495 150.
1442 2456 1498 2495 ait
1516 2453 1762 2508 Polynicen]

399 2523 563 2565 Thebas
594 2527 813 2581 reliquisse
854 2528 968 2586 ἀραῖς
1008 2529 1203 2586 πατρῴαις
1216 2563 1232 2583 ,
1274 2529 1325 2583 μὴ
1357 2526 1580 2582 κασίγνητον
1621 2527 1759 2581 κτάνῃ.

397 2594 585 2635 Affertur
622 2598 664 2637 111
696 2598 779 2638 1100
811 2612 939 2639 causa
972 2612 1022 2638 ex
1050 2598 1192 2639 Andr.
1222 2598 1322 2639 256.
1355 2602 1431 2657 πῦρ
1463 2613 1518 2638 σοι
1551 2597 1761 2655 προςοίσω,

398 2665 464 2706 κού
497 2666 539 2707 τὸ
569 2667 632 2709 σὸν
663 2670 953 2728 προσκέψομαι,
986 2683 1100 2724 quae
1125 2669 1254 2710 verba
1286 2669 1451 2709 dudum
1482 2668 1602 2707 aliter
1632 2668 1761 2707 inter·-

404 2744 594 2792 pretatus
634 2754 726 2780 sum
768 2755 899 2795 quarn
936 2742 1029 2782 fieri
1065 2740 1190 2781 video
1231 2740 1286 2781 ab
1326 2738 1653 2795 Interpretibus:
1698 2739 1763 2779 ni-
