2020 3326
690 204 1261 247 COMMENTARIUS,
1586 212 1667 251 1223

290 342 445 381 mirum
483 340 590 380 dixit
621 341 849 381 Hermione
894 341 1139 397 »abripiam
1174 350 1213 383 te
1245 343 1299 384 ab
1339 359 1435 395 ara,
1476 360 1556 387 nec
1588 348 1667 389 ad-

290 419 466 454 ventum
495 412 634 452 mariti
665 413 746 452 mei
774 408 1091 468 exspectabo:’⁷
1127 415 1197 454 cui
1226 416 1529 458 Andromache
1557 433 1666 475 »ego

289 498 390 524 vero
420 498 508 524 non
541 491 639 524 ante
672 484 798 523 huius
831 485 1062 525 adventum
1095 500 1160 525 me
1194 487 1267 527 tibi
1302 489 1529 530 tradam:”
1569 493 1668 547 qui-

292 555 374 596 hus
404 556 438 596 si
468 562 694 611 reponeret
725 556 952 596 Hermione
986 558 1160 612 »ignem
1190 558 1264 598 tibi
1297 560 1560 611 admovebo,
1587 577 1668 604 nec

292 627 457 667 curabo
490 627 765 667 commodum
797 634 940 677 tuum3
976 629 1184 670 rationem
1217 632 1278 671 tui
1309 646 1395 673 non
1428 633 1666 684 habebo,’‘

291 699 350 739 dii
382 698 507 748 boni,
542 712 676 754 quam
707 699 913 754 languida
948 700 1223 757 adiungeret!
1261 703 1396 743 Immo
1425 704 1508 745 hoc
1536 707 1665 748 dicit:

292 770 549 810 comburam
577 776 643 820 te,
680 785 824 826 neque
853 772 1109 826 prudenter
1139 776 1431 829 exspectabo,
1468 779 1593 832 quod
1619 784 1669 819 lu

292 847 557 897 exspectas,
602 842 627 882 i.
661 856 695 882 e.
732 845 1011 898 priusquam
1046 843 1365 900 Neoptolemus
1399 850 1581 899 redeat,
1626 857 1669 892 le

294 914 524 954 mactabo.-
578 914 734 954 acerba
778 916 975 970 repetitio
1020 917 1108 956 eius
1148 919 1269 972 quod
1316 921 1443 960 modo
1490 922 1669 963 dixerat.

294 985 336 1026 τὸ
368 988 433 1027 σόν
466 985 651 1027 breviter
692 986 857 1027 dietum
889 994 949 1027 est
986 1003 1065 1043 pro
1101 988 1119 1030 ὃ
1150 989 1195 1031 σὺ
1229 993 1467 1051 προσκέπτῃ.
1513 994 1670 1035 Simili-

293 1064 357 1097 ter
383 1057 516 1112 Soph.
546 1057 622 1098 Αί.
658 1056 780 1105 1402.
811 1058 1008 1108 ἐπαινέσας
1042 1061 1083 1102 τὸ
1116 1065 1196 1104 σόν.
1234 1064 1260 1102 i.
1287 1079 1322 1103 e.
1352 1063 1369 1104 ὃ
1403 1065 1449 1106 σὺ
1485 1064 1667 1116 ἐπαινεῖςε

296 1130 354 1170 cf.
382 1130 532 1170 Markl.
565 1129 619 1169 ad
659 1130 758 1169 Eur.
795 1129 955 1186 Secppl.
989 1133 1088 1175 257.
1137 1141 1177 1173 et
1212 1135 1401 1176 Brunek.
1449 1138 1503 1177 ad
1536 1139 1671 1194 Soph.

294 1202 450 1258 Ante'g.
471 1201 569 1243 573.
600 1201 642 1242 τὸ
663 1202 726 1243 σὸν
748 1202 877 1259 λέχος.
904 1204 930 1242 i.
953 1218 987 1243 e.
1011 1205 1052 1245 τὸ
1075 1204 1147 1246 ὑπὸ
1169 1210 1235 1247 σοῦ
1257 1206 1452 1263 λεγόμενον
1474 1210 1600 1266 λέχος.
1617 1237 1673 1242 -

293 1274 489 1328 Denique
520 1273 657 1329 τούμόν
689 1290 729 1315 τε
762 1274 826 1315 καὶ
862 1275 998 1331 τοῦδ’,
1040 1278 1161 1332 quod
1195 1278 1313 1318 haud
1346 1281 1578 1336 vulgariter
1608 1284 1674 1324 di-

296 1353 414 1386 etum
446 1352 528 1393 est,
564 1346 690 1386 facile
723 1348 878 1387 mutari
912 1355 1054 1402 posset
1081 1350 1124 1389 in
1160 1351 1202 1392 τὸ
1234 1349 1348 1393 τοῦδε
1380 1353 1517 1409 τούμόν
1548 1355 1600 1410 τ’,
1633 1363 1674 1396 et

295 1417 419 1457 simul
451 1417 598 1457 evitari
629 1418 739 1458 ictus
772 1421 968 1474 quamvis
1000 1421 1136 1461 lenior
1168 1423 1209 1463 in
1240 1425 1334 1479 notz'3
1376 1426 1449 1465 sed
1481 1429 1674 1468 excusari

294 1488 466 1529 videtur
501 1489 669 1529 omissio
708 1491 878 1531 articuli
910 1505 960 1531 eo
992 1493 1113 1548 quod
1146 1495 1273 1535 ambo
1304 1497 1455 1537 fratres
1485 1500 1577 1539 unis
1607 1500 1674 1540 di-

295 1561 351 1601 ris
381 1560 523 1601 devoti
552 1567 693 1601 erant:
723 1562 836 1602 idem
863 1563 1027 1604 obtinet
1057 1565 1098 1605 in
1118 1566 1347 1621 Sophoclis
1380 1568 1484 1610 Oecl.
1506 1569 1553 1611 O.
1572 1570 1674 1612 612.

294 1631 358 1673 καὶ
401 1637 482 1681 πῶς
523 1632 655 1689 γένοιτ’
701 1633 748 1675 ἂν
790 1636 901 1690 τάμὰ
934 1637 1115 1678 κάκείνων
1157 1642 1310 1699 πικρά5
1354 1641 1516 1697 cogitat
1559 1643 1671 1683 enim

299 1704 483 1745 Theseus
514 1711 685 1745 mutuas
717 1706 974 1752 inimicitias.

356 1775 458 1817 483.
502 1778 620 1819 κακόν
656 1793 690 1819 τι
723 1777 869 1837 δρᾶσαι
902 1778 966 1820 καὶ
1001 1781 1146 1822 παθεῖν
1179 1781 1206 1822 ἃ
1239 1783 1423 1839 γίγνεται.
1471 1784 1567 1825 Sive
1597 1799 1676 1840 per

298 1861 340 1888 se
371 1855 449 1888 stet
479 1849 505 1889 ἃ
540 1850 740 1907 γίγνεται,
773 1852 1010 1892 seeundum
1040 1853 1435 1909 interpunctionem
1466 1857 1675 1897 Herman-

297 1919 362 1967 ni,
398 1926 444 1959 ut
469 1920 596 1961 huius
624 1922 831 1976 loquendi
858 1923 1020 1963 formae
1045 1938 1134 1965 non
1159 1925 1373 1966 dissimilia
1403 1927 1483 1967 sint
1506 1927 1549 1967 in
1567 1927 1672 1968 IIee.

299 1988 400 2030 408.
441 1990 468 2031 ἃ
499 1991 615 2033 πείσει
627 2027 644 2047 ,
687 1995 771 2034 sive
811 1993 876 2035 καὶ
908 1996 1053 2036 παθεῖν
1088 1996 1114 2036 ἂ
1146 1998 1316 2053 γίγνεται
1351 2012 1436 2038 una
1469 2000 1677 2040 sententia

300 2062 725 2116 comprehendantur
758 2064 897 2119 (quod
928 2067 1216 2123 praeferam),
1250 2083 1338 2109 non
1364 2070 1451 2109 sine
1477 2069 1677 2111 offensio-

300 2145 354 2171 ne
377 2132 645 2174 desideratur
667 2138 729 2176 νῦν
749 2136 792 2175 in
816 2135 899 2175 hac
923 2140 1246 2192 comparatione
1271 2141 1526 2195 praeteritae
1548 2156 1676 2196 prae-

300 2203 470 2244 visionis
507 2218 607 2244 cum
637 2207 851 2261 praesenti
884 2214 1051 2248 eventu.
1101 2210 1241 2251 Facile
1273 2218 1332 2251 est
1361 2213 1579 2273 ἀσύμφορον
1610 2215 1678 2255 vel

304 2275 446 2330 aptius
476 2276 643 2331 aliquid
672 2277 810 2318 verbis
840 2278 866 2319 ἃ
898 2279 1070 2336 γίγνεται
1101 2281 1374 2333 substituere;
1409 2285 1481 2324 sed
1514 2292 1677 2326 tantam

303 2347 585 2387 mutationem
621 2349 665 2388 in
694 2349 832 2389 verbis
866 2353 1106 2407 perspicuis
1137 2353 1192 2393 ab
1224 2353 1498 2396 histrionibus
1529 2358 1594 2397 vel
1626 2357 1677 2397 li-

302 2417 453 2458 brariis
496 2419 678 2469 factam,
728 2420 926 2476 adeoque
978 2425 1228 2465 sententiam
1273 2425 1548 2468 obscuratam
1591 2442 1678 2470 esse

303 2503 392 2530 non
421 2497 555 2545 puto:
595 2505 711 2531 nunc
744 2492 855 2532 enim
885 2493 1016 2535 dubia
1046 2502 1128 2545 est,
1170 2511 1339 2553 egoque
1371 2500 1429 2539 sic
1464 2500 1678 2556 interpre-

304 2562 383 2601 tari
414 2563 550 2603 malo:
578 2562 745 2618 facere
772 2569 814 2604 et
838 2569 1022 2621 perpeti
1049 2582 1167 2622 quae
1185 2568 1304 2624 stem·
1331 2571 1500 2611 solent:
1538 2572 1582 2612 id
1617 2579 1677 2613 est

306 2631 348 2682 ἐξ
392 2635 545 2694 ἔχθρας
586 2635 650 2676 καὶ
694 2637 855 2695 φθόνουε
901 2652 1000 2678 nam
1040 2639 1268 2682 lectionem
1301 2644 1440 2701 φθόνου
1474 2645 1678 2700 praetulit

307 2706 666 2759 Valckenaerius‚
700 2710 951 2766 recepitque
990 2711 1269 2755 Hermannus.
1321 2716 1420 2758 Eius
1455 2723 1678 2772 praestan-
