2020 3326
374 223 454 263 leli
769 218 1328 262 COMMENTARIUS.

371 360 523 399 mii-uin
574 371 661 398 non
714 354 977 410 intelligebat
1034 355 1262 397 rectissime
1319 368 1436 395 nune
1485 357 1606 397 cani:
1660 358 1735 398 de·

373 433 593 470 stc‘natecm
629 441 684 467 ex
718 431 820 466 voto
860 425 1026 466 donum
1065 424 1276 481 Apolline·
1307 425 1531 481 Delphico
1570 427 1736 469 Thebas

373 503 513 540 missa
555 499 639 538 lnce
674 497 853 538 adveni.
901 495 968 537 Cf.
1010 510 1124 553 quae
1162 511 1293 553 supra
1334 497 1646 554 disputavimus
1680 499 1737 540 ad

369 585 426 613 vs,
457 569 555 611 210.

427 642 529 683 222.
562 641 628 682 ἴσα
650 639 687 682 δ’
710 639 917 698 ἀγάλμασι
938 638 1019 682 κτὲ.
1054 640 1322 680 Hermannus
1353 640 1536 681 coniecit
1564 648 1604 682 et
1632 643 1735 683 scri-

369 714 452 769 psit
482 717 541 754 ἵυα
572 712 606 755 τ’
639 712 874 769 ἀγάλμασι,
907 712 1056 752 dolens
1080 711 1250 752 criticos
1278 725 1367 752 non
1383 712 1532 753 vidisse
1556 713 1614 754 sic
1638 714 1736 754 reli-

374 785 514 840 quisse
549 784 813 840 Euripidem.
862 784 1098 839 Vulgatum
1127 782 1349 831 KlotziuS‚
1393 782 1641 825 scholiastas
1673 798 1737 825 se-

371 863 520 906 cutus,
566 855 848 912 probabiliter
887 856 1018 895 tuitus
1058 860 1131 894 est.
1190 853 1360 909 Optima
1405 856 1611 896 sententia
1650 862 1732 897 est:

369 928 560 968 ministra
589 928 703 968 facta
735 941 827 968 sum
864 927 973 974 Deo,
1006 932 1229 980 tamquam
1258 925 1467 981 ἀνάθημα.
1513 925 1576 966 Cf.
1603 926 1735 967 Herc.

369 999 563 1040 sz49.
596 999 648 1039 de
681 1014 754 1039 ara
794 998 881 1047 Διὸς
911 1003 1102 1057 σωτῆρσςῑ
1136 995 1175 1038 ὃν
1206 996 1417 1038 καλλινίκου
1449 995 1560 1057 δορὸς
1590 998 1735 1055 ἄγαλμ’

373 1069 560 1131 ἱδρύσατο
585 1095 665 1111 -—.
708 1070 759 1111 In
795 1071 868 1110 illa
899 1076 1040 1110 autem
1076 1069 1398 1124 comparatione
1428 1082 1516 1109 non
1547 1083 1739 1124 premen-

373 1144 478 1184 dum
512 1149 572 1183 est
609 1142 773 1198 opponi
809 1142 947 1182 minus
983 1147 1098 1181 reete
1134 1140 1361 1198 ἀγάλμασιν
1389 1147 1429 1181 et
1458 1140 1617 1201 λα’τριςε
1650 1155 1738 1182 me-

372 1215 491 1255 dium
529 1214 639 1254 enim
668 1221 728 1254 est
755 1213 1002 1262 ιίεαῖίοαίιο,
1036 1226 1114 1268 per
1139 1226 1272 1267 quam
1304 1219 1344 1252 et
1372 1213 1605 1268 imaginum
1632 1226 1738 1254 con-

371 1292 633 1327 secratarum
666 1285 819 1325 similes
850 1291 987 1333 erant,
1029 1290 1069 1323 et
1101 1284 1175 1323 Dei
1207 1283 1436 1323 ministerio
1469 1283 1664 1325 devotae.

432 1358 532 1398 225.
579 1358 702 1412 κόμας
735 1355 849 1412 ἐμάς.
907 1355 968 1394 Ne
997 1355 1189 1410 placeret
1222 1354 1319 1411 ἐμαῖς
1359 1368 1409 1395 ex
1445 1368 1531 1394 uno
1564 1354 1737 1404 codice,

374 1435 491 1469 recte
531 1429 835 1484 interpretatus
870 1433 930 1466 est
959 1426 1247 1465 Hermannus:
1290 1440 1393 1466 rore
1414 1440 1537 1480 puro
1575 1425 1738 1467 Casta-

377 1501 469 1540 liae
499 1500 663 1540 lavans
694 1501 843 1539 crines
869 1502 1014 1552 parat
1043 1497 1133 1536 sibi
1164 1497 1368 1557 παρθένιον
1400 1495 1560 1554 χλιδᾶν,
1610 1496 1737 1538 Com-

369 1572 514 1628 parari
546 1577 715 1627 poterat
746 1584 804 1611 vs.
833 1569 931 1609 351.
971 1568 1220 1629 λουτροφόρου
1252 1567 1410 1625 χλιδαῖς,

429 1643 510 1683 231
540 1657 639 1698 sqq.
679 1641 778 1683 Oi'voc
810 1640 850 1683 ff
885 1640 911 1681 ἃ
944 1641 1182 1700 καθαμέριον
1214 1640 1295 1683 κτὲ.
1340 1640 1408 1681 Ad
1444 1640 1596 1680 horum
1626 1639 1737 1679 simi-

374 1714 598 1754 litudinem
634 1713 874 1768 composita
917 1725 1001 1752 esse
1043 1718 1168 1767 putat
1202 1711 1411 1767 Bergkius
1452 1724 1565 1766 quae
1597 1724 1737 1751 serva-

370 1786 430 1826 vit
456 1786 607 1825 Pollux
637 1785 706 1841 (X.
732 1783 828 1839 119)
859 1797 909 1824 ex
939 1783 1235 1838 Aristophanis
1263 1783 1553 1823 Phoenissis:
1588 1780 1738 1836 Στίλβη

373 1857 416 1898 θ’
449 1858 471 1903 ἣ
503 1858 607 1899 κατὰ
647 1857 765 1898 νύκτα
807 1873 867 1913 μοι
908 1854 1014 1914 φλόγ’
1058 1855 1322 1914 ἀυασειροίζεις
1365 1853 1423 1896 ἐπὶ
1462 1859 1517 1909 τῷ
1559 1853 1735 1910 λυχνείῳ.

375 1930 418 1969 Si
446 1942 542 1971 vere
569 1928 731 1968 iudicat
759 1928 819 1968 vir
846 1927 1057 1982 egregiuS‚
1087 1927 1280 1981 sequitur
1305 1926 1621 1966 similitudinem
1647 1938 1740 1965 eam

373 2000 579 2041 eiusmodi
620 2013 706 2039 esse
735 2005 780 2038 ut
812 1998 917 2038 tueri
950 1997 1157 2053 Bergkius
1188 2002 1377 2051 nequeat
1409 1996 1531 2051 quod
1562 2002 1739 2036 conten-

374 2072 459 2121 dit,
495 2071 687 2112 fabulam
719 2069 1016 2124 Aristophanis
1042 2082 1129 2108 non
1162 2069 1367 2123 scriptam
1397 2081 1482 2108 esse
1514 2066 1570 2107 ad
1600 2066 1739 2107 riden-

373 2143 472 2184 dam
506 2142 795 2197 Euripideam.

429 2214 529 2256 237.
577 2214 787 2261 ἀθανάτας
819 2212 911 2253 θεοῦ
944 2210 1056 2270 χορὸς
1088 2211 1277 2266 γενοίμαν.
1324 2211 1591 2250 Hermannus
1613 2209 1737 2257 'Ae-a-

372 2292 441 2327 υαῖὐ
473 2287 646 2345 πρόνοιαν
687 2283 920 2340 significari
956 2283 1153 2322 affirmat.
1213 2282 1309 2322 Non
1348 2282 1572 2321 assentior:
1612 2282 1738 2336 virgi-

370 2371 445 2397 nes
474 2357 584 2396 enim
610 2357 653 2396 in
680 2355 764 2395 hac
790 2355 942 2410 pulcra
971 2353 1112 2409 epoda
1140 2353 1412 2401 Parnassum,
1444 2358 1613 2392 antrum
1638 2351 1738 2391 dra-

374 2429 492 2467 conis
541 2428 712 2482 aliaque
756 2426 986 2473 invocant,
1056 2437 1170 2479 quae
1221 2424 1522 2479 cogitationem
1568 2429 1738 2462 movent

369 2498 633 2552 Delphorum
661 2504 701 2537 et
727 2497 867 2537 cultus
897 2495 1129 2551 Apollinei.
1166 2495 1281 2546 Quid
1309 2501 1450 2534 autem
1475 2493 1738 2547 precantur?

370 2575 417 2608 ut
444 2582 492 2608 ex
518 2568 602 2608 hoe
628 2568 782 2608 bellico
808 2567 995 2607 tumultu
1022 2566 1146 2606 salvis
1169 2565 1404 2620 aliquando
1430 2563 1616 2618 Delphos
1639 2577 1738 2618 per-

370 2639 514 2680 venire
541 2639 684 2688 detur,
712 2639 859 2694 ibique
884 2662 940 2668 ——
965 2637 1103 2692 quid?
1131 2636 1319 2678 Chorum
1344 2635 1561 2675 instituere
1583 2634 1736 2675 Miner-

370 2723 448 2752 vae
488 2709 733 2751 Pronoeae?
772 2710 905 2765 idque
949 2709 1059 2769 παρὰ
1095 2707 1323 2767 μεσόμφαλα
1356 2705 1482 2763 γύαλα
1494 2740 1511 2762 ,
1554 2705 1607 2746 de
1638 2706 1735 2760 qui-
