2020 3326
590 161 1153 205 COMMENTARIUS.
1488 167 1568 208 129

193 314 256 340 res
292 325 370 339 —-.
433 300 574 340 Altera
630 301 836 341 sententia
890 301 1133 342 huiusmodi
1180 303 1360 345 formam
1410 304 1562 345 habet:

196 372 340 411 mulla,
365 371 547 427 perficit
576 375 746 422 οναιίὀ,
782 387 900 428 quae
933 388 1064 414 arma
1090 374 1311 428 perficere
1343 391 1434 416 non
1458 390 1567 431 pos-

195 445 303 483 se'nl.
339 443 388 483 In
418 443 531 483 hanc
562 444 714 484 incidit
746 444 963 493 Iulianus,
1004 445 1058 485 de
1088 447 1293 488 memoria
1326 448 1477 488 citans.

254 514 353 555 522.
413 513 528 556 έκεῖνο
569 514 605 556 δ’
637 515 712 572 οὐχ
743 516 837 557 ἑκὼν
870 517 1106 573 μεθήσομαι.
1164 522 1295 577 ἄρχειν
1326 521 1446 579 παρόν
1477 537 1538 575 μοι
1551 555 1567 576 ,

196 585 296 643 τῷδε
329 583 537 628 δουλεῦσαί
563 603 680 642 imre,-
732 587 783 627 In
824 589 1031 628 sententia
1072 590 1203 644 plana
1245 590 1470 632 dubitatur
1500 598 1566 632 ta-

194 672 293 697 men
320 658 480 713 quibus
505 658 644 700 verbis
668 659 894 715 Euripides
919 674 1019 700 usus
1044 661 1111 701 sit.
1146 660 1430 704 Correxerunt
1457 678 1570 705 non-

194 728 302 768 nulli
330 728 481 771 ἐκείνου.
526 731 793 771 Hermannus
834 732 1006 772 remittit
1036 732 1239 773 lectorem
1276 734 1332 775 ad
1361 749 1412 775 ea
1453 749 1567 791 quae

196 817 212 836 »
231 802 462 856 exposuit’'
498 802 551 842 de
582 802 785 858 regimine
816 802 933 844 verbi
959 804 1087 844 medii
1118 806 1328 861 μεθίεσῖται
1353 806 1409 846 ad
1428 807 1563 863 Soph.

194 871 363 913 Eleetr.
397 873 521 914 1269.
582 873 648 913 Ibi
680 887 780 915 vero
816 889 979 916 summa
1015 876 1317 931 disputationis
1346 878 1570 919 incertissi-

195 957 263 983 ma
306 950 388 985 est:
416 959 513 985 .nec
559 946 733 985 mirum:
777 947 973 1002 exempla
1012 949 1124 988 enim
1173 963 1287 1004 quae
1333 949 1571 991 afferuntur

195 1016 427 1057 accusativi
460 1016 620 1058 habent
652 1024 896 1073 suspectam
926 1019 1175 1069 lectionem,
1215 1034 1296 1061 nec
1326 1021 1456 1076 plane
1489 1022 1569 1063 sibi

191 1087 282 1141 ipse
313 1087 555 1128 satisfacere
586 1088 727 1143 potuit
756 1089 1023 1130 Hermannus
1054 1104 1153 1131 eum
1185 1091 1270 1131 1100
1301 1100 1565 1148 praecepto,

195 1159 394 1213 μεθιέσθαι
433 1166 524 1199 tum
564 1160 737 1199 demum
768 1160 1001 1215 genitivum
1032 1175 1201 1216 regere,
1259 1162 1367 1202 »ubi
1401 1171 1568 1218 partem

198 1230 378 1271 alieuius
417 1231 478 1271 rei
519 1230 657 1271 omitti
702 1232 1047 1287 significemus:''
1101 1257 1158 1263 —-
1202 1234 1440 1289 »μεθίεσθαί
1475 1253 1568 1286 τινος

197 1316 282 1342 0550
320 1302 496 1358 proprie
529 1302 653 1357 quod
674 1303 972 1356 prehendens
1006 1306 1229 1354 omittere,
1268 1306 1295 1346 i.
1326 1321 1362 1347 e.
1396 1321 1572 1349 manum

198 1374 253 1414 ab
292 1387 339 1414 ea
380 1380 503 1429 parte
533 1374 615 1423 rei,
661 1388 794 1429 quam
826 1381 991 1424 teneas,
1033 1376 1294 1418 retrahere.''
1342 1378 1573 1436 Subiungit

200 1452 367 1486 autem:
422 1446 578 1501 »atqui
609 1452 799 1500 partem,
835 1461 969 1502 quam
1006 1453 1143 1497 teneS,
1183 1449 1216 1488 si
1247 1449 1430 1500 omittis,
1471 1466 1572 1492 sane

196 1517 353 1557 omittis
397 1517 525 1556 etiam
569 1523 701 1558 totam
734 1532 847 1567 rem,
901 1518 1024 1559 cuius
1065 1533 1115 1560 ea
1155 1534 1256 1575 pars
1294 1522 1398 1561 est.'’
1456 1523 1573 1575 Quid

196 1588 326 1644 igitur
364 1588 604 1637 lucramur,
658 1589 735 1628 nisi
777 1589 953 1630 fortasse
998 1590 1109 1641 hoe,
1162 1594 1329 1651 σφαῖραν
1362 1595 1572 1650 μεθίεσὲαι

197 1673 305 1700 055οε
352 1659 553 1716 globum,
598 1674 729 1715 quem
771 1675 901 1702 manu
947 1668 1087 1703 totum
1132 1665 1566 1720 comprehendimus,

197 1731 431 1781 dimittere;
457 1733 621 1792 σφαίρας
642 1734 851 1789 μεθίεσὲαι
877 1748 998 1775 vero:
1028 1735 1225 1791 globum,
1256 1737 1379 1777 cuius
1405 1744 1573 1780 tantum

197 1809 364 1857 partem
403 1809 616 1853 tenemus,
665 1805 908 1845 dimittere?
950 1806 1043 1846 Hoc
1084 1821 1184 1847 sane
1220 1821 1308 1848 non
1342 1810 1477 1850 voluit
1509 1812 1572 1851 vir

200 1874 486 1925 acutissimus3
529 1876 603 1915 sed
638 1876 680 1916 in
711 1878 827 1917 omni
859 1877 931 1917 illa
962 1879 1271 1934 praeceptione
1302 1881 1474 1921 sensisse
1507 1883 1571 1923 vi-

199 1944 346 1993 detur,
381 1945 556 1986 difficile
586 1961 672 1987 esse
700 1948 859 1988 exitum
890 1949 1077 2004 reperire
1109 1957 1286 2005 argutae
1315 1951 1574 2006 disputatio-

147 2017 156 2025 ’
199 2015 286 2055 nis:
330 2029 472 2071 neque
509 2031 606 2057 eum
654 2018 887 2059 etiamnum
932 2020 1119 2074 probare
1162 2028 1270 2076 puto
1313 2023 1434 2077 quod
1468 2025 1573 2083 τῷδε

201 2086 409 2129 δουλεῦσαί
435 2104 526 2130 ποτε
565 2088 729 2129 (lictum
763 2091 1015 2132 existimavit
1052 2105 1134 2147 pro
1168 2097 1316 2147 μήποτε
1349 2095 1450 2152 τῷδε
1481 2097 1573 2141 δου-

200 2160 343 2201 λεῦσαι.
398 2159 479 2199 Pro
509 2159 711 2202 δουλεῦσαι
749 2161 819 2201 alii
852 2162 1025 2202 codices
1056 2162 1216 2204 habent
1247 2163 1456 2209 δουλεύσω.
1513 2172 1575 2214 Ex

199 2231 284 2271 hac
328 2230 532 2272 varietate
578 2232 714 2272 oritur
753 2233 869 2273 varia
909 2233 1038 2273 verba
1076 2234 1409 2292 interpungendi
1450 2244 1572 2285 ratio.

201 2303 292 2358 Ego
334 2301 612 2343 Mattlliaeum
652 2317 830 2358 sequor:
877 2304 936 2344 sic
973 2304 1085 2344 enim
1119 2306 1267 2362 aliquo
1299 2317 1413 2350 certe
1444 2315 1576 2356 modo

201 2373 330 2414 verba
361 2373 537 2429 intelligi
566 2381 757 2428 possunt.
796 2375 990 2415 Klotzius
1013 2390 1071 2417 vs.
1095 2377 1193 2417 523.
1220 2393 1298 2434 per
1323 2395 1364 2421 se
1391 2385 1579 2439 positum

201 2446 529 2500 interpretatur:
549 2460 684 2501 quum
700 2460 839 2501 penes
863 2461 928 2487 me
953 2449 1015 2486 sit
1037 2462 1254 2504 regnare,
1283 2453 1365 2493 ista·
1384 2469 1461 2511 ego
1482 2472 1579 2498 ser-

202 2517 325 2556 viam
349 2515 581 2572 unquam?
622 2517 716 2557 Non
748 2518 972 2558 assentior:
1006 2519 1129 2574 quod
1164 2522 1275 2562 enim
1304 2524 1424 2566 addit
1453 2528 1579 2570 Eteo-

201 2587 305 2636 cles,
340 2587 433 2647 πρὸς
467 2589 573 2630 ταῦτ’
597 2589 664 2631 ἴτω
688 2589 753 2644 μὲν
782 2592 858 2649 πῦρ
891 2590 971 2633 κτὲ.
1000 2592 1180 2647 requirit
1206 2593 1470 2651 cgffirmamlc'
1491 2601 1579 2642 sor-

181 2672 294 2698 mam
330 2660 373 2700 in
408 2660 792 2715 praecedentibus,
837 2677 925 2703 non
956 2663 1354 2722 interrogationem,
1386 2674 1581 2726 quumvis

1320 2738 1348 2783 9
