2020 3326
447 243 523 286 178
647 251 649 254 ⁴
845 242 1406 283 COMMENTARIUS.

648 378 751 432 μόλις
786 377 863 436 γὰρ
896 380 942 417 ἄν
977 392 1029 424 τις
1061 376 1164 418 αὐτὰ
1197 378 1412 434 τάναγκαῖ’
1442 381 1534 440 ὁρᾶν

650 448 793 490 δύναιτ’
828 448 874 489 ἂν
905 448 1024 496 ἑστὼς
1057 449 1244 505 πολεμίοις
1274 450 1453 500 ἐναντίος.

445 523 598 576 ltaque
632 527 704 560 aut
744 520 937 559 curiosus
967 520 1123 575 aliquis
1154 521 1290 562 lector
1320 524 1518 577 peccavit
1548 525 1811 581 interpolan-

445 593 523 641 do,
561 598 633 631 aut
666 591 893 646 Euripides
923 591 1183 633 dormitavit.

504 662 626 704 1128.
675 663 818 711 λέοντος
849 661 956 723 δέρος
990 663 1071 705 κτὲ.
1130 664 1246 704 Unus
1285 664 1622 707 Sclioliastarum
1662 668 1811 709 docuit

440 737 482 775 in
514 735 647 789 Tydei
679 736 833 790 clypco
864 735 1027 789 pictam
1046 735 1191 781 *fuisse
1228 737 1385 790 pellem
1417 738 1573 788 leonis,
1613 747 1654 779 et
1686 754 1812 795 prae-

444 814 555 847 terea
596 806 898 847 Prometheum
937 807 1076 847 facem
1119 807 1268 847 dextra
1309 808 1530 850 ferentem.
1581 811 1698 851 Haec
1730 813 1813 853 iam

447 878 573 919 liodie
605 879 779 933 explosa
813 884 932 918 sunt:
974 878 1059 919 vid.
1093 879 1237 918 Herm.
1267 886 1307 919 et
1336 880 1478 920 Klotz.
1521 881 1580 922 Dc
1607 883 1813 924 industria

446 951 614 992 videtur
645 950 869 1005 Euripides
898 950 1092 1004 Tydeum
1123 955 1209 990 tam
1241 965 1376 1006 parco
1406 959 1559 993 ornatu
1595 954 1815 996 instruxis-

444 1036 511 1071 se,
554 1022 674 1077 quod
717 1021 915 1076 Aeschyli
946 1021 1141 1076 Tydeum
1172 1022 1325 1077 pulcre
1356 1023 1632 1065 ferocientem
1669 1040 1814 1067 aemu—

442 1095 517 1134 lari
547 1094 859 1134 reformidaret.
916 1093 1013 1133 Iure
1044 1094 1224 1134 miratur
1255 1095 1521 1136 Hermannus
1552 1096 1665 1137 hanc
1698 1112 1814 1139 com-

441 1166 736 1221 parationem,
781 1179 917 1220 quum
956 1164 1072 1206 brevi
1111 1172 1270 1205 statura
1307 1167 1433 1207 suerit
1464 1167 1632 1222 Tydeus
1661 1169 1815 1209 Home-

444 1239 570 1277 ricus.
619 1236 757 1277 Credo
791 1236 964 1276 Poetam
997 1237 1194 1277 consulto
1225 1239 1388 1278 auxisse
1419 1239 1463 1278 in
1495 1238 1651 1290 heroe,
1687 1244 1826 1295 quens

447 1308 587 1348 minus
616 1308 853 1347 luculenter
881 1322 1015 1363 quam
1047 1309 1237 1364 reliquos
1267 1309 1568 1351 adornavisset.

512 1378 634 1419 1130.
692 1379 942 1433 Interpunxi
984 1387 1080 1434 post
1122 1385 1200 1434 ὥς,
1244 1382 1410 1421 monitu
1446 1383 1690 1423 Hei-manni.
1745 1383 1816 1422 Sic

446 1450 715 1506 pronuntiari
751 1449 927 1490 voluisse
958 1450 1207 1505 Euripidem
1241 1451 1447 1500 arbitror,
1480 1467 1533 1493 nc
1563 1453 1818 1508 ambiguitas

448 1523 651 1569 oriretur,
696 1535 809 1575 quae
851 1520 1111 1561 Scholiastas
1146 1529 1186 1562 et
1224 1523 1480 1563 recentiores
1509 1525 1738 1564 nonnullos
1774 1525 1813 1563 in

444 1607 629 1632 errorem
662 1592 842 1632 induxit.

505 1663 627 1703 1140.
668 1664 865 1720 μοχλοῖσιν
897 1662 1176 1712 ἐξανασπάσας
1201 1663 1383 1724 βάθρων.
1428 1664 1623 1705 Klotzius
1649 1664 1814 1725 βάθρων

443 1736 721 1776 eommutavit
765 1749 863 1774 cum
906 1733 1005 1789 βίᾳ,
1048 1735 1169 1789 quod
1206 1735 1351 1790 plures
1389 1735 1520 1775 codd.
1552 1739 1809 1791 occupavit.

444 1814 516 1847 aut
555 1821 695 1847 merus
736 1806 999 1846 conniventis
1032 1806 1193 1846 librarii
1228 1820 1347 1846 error
1377 1813 1450 1847 aut
1482 1822 1530 1846 ex
1564 1807 1814 1848 histrionum

447 1880 690 1935 0>gs.vnp.0miv*si
732 1884 887 1917 ortum.
947 1877 1007 1917 Ne
1049 1878 1192 1918 (licam
1231 1891 1281 1917 eo
1321 1877 1374 1917 de
1410 1892 1509 1918 vero
1547 1879 1631 1918 loci
1660 1885 1814 1919 ornatu

446 1951 689 1990 detractum
717 1962 826 1996 esse,
872 1948 963 2002 ipsa
995 1948 1111 1989 verbi
1141 1947 1367 1998 ἐξανασπᾶν
1397 1949 1717 2004 compositionis
1746 1964 1814 1990 ra-

443 2023 524 2070 tio,
570 2020 739 2061 adiecto
770 2019 997 2075 μοχλοῖσιν,
1029 2020 1208 2075 requirit
1240 2020 1431 2061 additam
1462 2020 1720 2060 mentionem
1751 2022 1814 2061 Ιο-

444 2097 486 2131 m?
518 2093 634 2133 unde
663 2091 762 2132 urbs
793 2092 936 2132 avulsa
969 2091 1154 2131 dicatur.

509 2163 633 2204 1141.
668 2163 842 2205 ὑπόνοιαν
863 2164 952 2219 ἡμῖν
973 2162 1053 2204 κτὲ.
1092 2163 1247 2204 Versus
1269 2162 1568 2205 Valckenaerii
1591 2163 1715 2203 obelo
1743 2177 1814 2203 ex-

442 2242 650 2291 punctus:
689 2242 828 2274 tamen
862 2248 948 2274 non
980 2235 1197 2289 inelegans
1224 2240 1306 2282 est,
1346 2234 1443 2273 licet
1471 2248 1736 2289 supervacua
1765 2235 1814 2274 sit

442 2307 670 2355 sententia,
708 2306 829 2346 cuius
862 2306 1038 2345 similem
1067 2305 1278 2345 desideres
1308 2306 1350 2344 in
1386 2305 1673 2359 descriptione
1708 2307 1815 2345 scuti

442 2378 633 2426 Adrasti,
678 2376 802 2416 1146.
854 2377 937 2416 Sed
970 2377 1164 2417 conferre
1198 2390 1286 2416 non
1316 2375 1501 2416 debebat
1530 2377 1722 2416 Klotzius
1755 2390 1812 2417 vs.

450 2448 571 2488 1130.
613 2449 663 2496 ὡς
696 2452 848 2507 πρήσων
880 2448 1008 2490 πόλινε
1048 2448 1105 2487 ibi
1137 2448 1246 2487 enim
1272 2448 1361 2502 ipse
1395 2447 1562 2502 Tydeus
1590 2460 1688 2488 vera
1721 2447 1815 2487 face

440 2526 626 2559 arinatus
654 2519 747 2559 urbi
774 2519 1126 2574 deflagrationem
1156 2518 1306 2558 minari
1335 2518 1513 2566 dicitur,
1540 2523 1584 2556 ut
1608 2531 1662 2557 vs.
1687 2516 1813 2557 1163.

437 2591 787 2646 Parthenopaeus
826 2591 967 2645 ignem
1000 2597 1039 2630 et
1072 2590 1255 2645 ligonem
1285 2589 1484 2643 requirit,
1527 2588 1577 2635 ὡς
1607 2592 1812 2629 κατασκά-

436 2662 515 2715 ψων
548 2662 665 2703 πόλιν.
701 2676 841 2717 neque
869 2661 1024 2715 ὑπονοίᾳ
1057 2675 1166 2717 opus
1196 2666 1285 2701 erat
1318 2666 1361 2700 ut
1393 2659 1672 2714 intelligerent
1705 2660 1812 2700 The-

433 2732 534 2771 bani
567 2733 675 2786 quid
704 2734 935 2774 moliretur.
