2020 3326
618 231 1182 274 COMMENTARIUS.
1507 233 1586 273 221

224 385 452 427 perperam
497 375 733 425 sequantur
781 368 1045 409 Selloliastae
1088 370 1441 426 explicationem:
1493 384 1593 410 nam

224 445 299 498 qui
332 457 373 483 se
400 443 539 497 ipsum
567 440 774 490 attendit,
808 440 998 480 nondum
1029 448 1150 482 cavet
1181 456 1204 481 a
1233 442 1426 497 periculo
1456 448 1594 481 exter-

224 529 302 554 no:
337 521 377 554 et
407 516 506 570 ἔχειν
537 513 599 555 τὸν
630 515 712 553 νοῦν
744 511 836 571 πρὸς,
867 510 999 553 ἑαυτόν
1029 518 1170 567 potest
1200 513 1466 568 significare:
1512 513 1592 553 lea-

227 587 325 626 (Jere
360 591 546 626 mentem
582 598 726 639 prope
766 598 813 623 se
856 586 1028 638 τ’ῃειιηι,
1065 590 1110 623 ut
1150 598 1237 624 non
1275 584 1425 640 ἐκεῖσε,
1470 585 1593 640 longe

226 657 482 711 egrediatur.
526 656 645 695 Idem
678 655 765 694 fere
790 661 849 694 cst
881 655 1002 709 quod
1034 654 1216 695 Theseus
1242 656 1286 696 in
1314 657 1450 711 Soph.
1487 655 1592 696 Oed.

225 728 318 769 Col.
351 727 451 768 665.
484 728 502 768 ὁ
533 731 612 775 νοῦς
644 730 735 769 ὅταν
768 725 884 768 αὐτοῦ
917 729 1097 782 γένηται,
1132 726 1279 786 φροῦδα
1303 728 1589 784 ταπειλήματα.

223 799 378 839 Athen.
410 816 455 854 p.
481 799 573 840 157.
595 798 638 838 d.
671 799 709 839 αἱ
733 796 884 858 βαρεῖαι
917 798 1048 858 τροφαὶ
1069 823 1126 830 ——
1145 800 1211 841 οὐκ
1245 800 1332 842 ἐῶσι
1366 803 1432 846 τὴν
1462 803 1593 860 φρόνη-

226 887 282 912 σιν
314 870 351 912 ἐν
383 870 480 927 αὐτῇ
513 872 619 912 εἶναι.
675 871 869 911 Eteocles
907 871 1042 911 elatus
1084 872 1263 913 victoria
1299 874 1449 913 mentis
1477 887 1596 914 com-

224 957 303 998 pos
333 957 420 983 non
454 949 557 983 erat.

289 1014 398 1055 1435
425 1029 489 1070 sq.
531 1013 569 1055 ἐν
601 1012 703 1072 τῷδε
736 1018 860 1074 μήτηρ
894 1016 916 1059 ἡ
950 1015 1115 1057 τάλαινα
1147 1017 1362 1074 προσπίτνει
1394 1015 1462 1058 σὺν
1492 1032 1594 1077 παρ-

229 1088 330 1145 θένῳ
362 1103 402 1128 τε
433 1086 497 1127 καὶ
529 1086 731 1146 προθυμίᾳ
765 1085 898 1135 ποδός.
944 1087 1114 1127 Dixerat
1140 1087 1478 1129 Valckenaerius
1502 1103 1597 1130 ver-

231 1174 323 1199 sum
368 1158 493 1199 1436.
525 1159 644 1198 haud
681 1158 812 1198 dubie
852 1159 1045 1214 spurium
1080 1172 1188 1207 esse,
1234 1159 1368 1214 idque
1403 1161 1500 1201 viris
1532 1162 1596 1201 in-

231 1230 518 1286 telligentibus
548 1236 838 1284 persuaserat:
874 1243 922 1271 ex
951 1229 1111 1284 quibus
1135 1230 1426 1271 Hermannus:
1464 1246 1597 1273 »sane

229 1309 316 1342 tam
349 1301 558 1341 absurdus
587 1307 647 1340 est
681 1299 888 1355 (inquit),
923 1307 969 1339 ut
1000 1307 1115 1340 recte
1146 1301 1196 1340 sit
1228 1315 1252 1342 a
1282 1302 1597 1344 Valckenaerio

475 1372 571 1411 Non
605 1371 810 1411 credebat
843 1378 985 1411 tamen
1019 1371 1372 1426 interpolatorem
1403 1380 1488 1413 tam
1520 1374 1596 1414 ab·

406 1373 429 1388 Η

228 1374 399 1413 eiectus.

227 1443 402 1484 surdum
434 1443 558 1482 fuisse
589 1448 635 1482 ut
664 1442 941 1483 diversissima
972 1456 1051 1497 per
1080 1459 1120 1484 τε
1151 1444 1223 1484 καί
1255 1444 1472 1505 iunget-em
1515 1445 1596 1487 ita-

225 1529 311 1570 que
341 1528 429 1555 11011
459 1530 500 1556 τε
531 1514 603 1555 καί
630 1527 749 1563 eum,
789 1513 864 1554 sed
895 1515 1031 1563 τέκνοις
1065 1516 1291 1571 scripsisse.
1334 1516 1596 1558 Firnhabero

224 1601 367 1628 versus
400 1587 661 1627 necessarius
703 1592 743 1626 et
782 1585 920 1626 bonus
963 1587 1152 1636 videtur,
1200 1587 1330 1627 modo
1370 1588 1413 1628 in
1451 1589 1596 1644 priore

227 1659 467 1713 corrigatur
502 1659 525 1703 ἡ
557 1656 707 1699 τάλαιν’
741 1656 962 1714 ἐπέπτατο,
994 1659 1060 1700 vel
1090 1658 1285 1718 προςπελᾷ
1314 1672 1393 1713 pro
1434 1662 1595 1719 προσπί-

228 1747 315 1773 τνει.
352 1730 446 1770 1100
476 1729 654 1785 quidem
682 1730 934 1770 rectissime:
963 1730 1120 1770 etenim
1147 1744 1235 1770 non
1258 1730 1395 1770 solum
1418 1730 1481 1771 bis
1510 1732 1594 1773 hoc

224 1801 401 1844 verbum
428 1802 620 1857 proxime
650 1802 837 1857 positum
867 1809 948 1851 est,
985 1802 1059 1842 sed
1090 1801 1174 1842 hoe
1206 1802 1303 1842 loco
1333 1803 1392 1843 ita
1424 1809 1471 1843 ut
1500 1818 1596 1844 ma-

226 1880 288 1914 ter
323 1887 497 1929 pugnae
534 1873 740 1914 adstitisse
772 1873 991 1914 videatur:
1034 1874 1164 1913 immo
1196 1874 1429 1928 requiritur
1458 1875 1593 1916 adve-

227 1945 387 1984 m‘emlc'
413 1944 619 1993 verbum,
657 1944 778 1999 quod
808 1945 964 1984 mirum
995 1951 1054 1984 est
1084 1944 1242 1984 nemini
1272 1951 1442 1999 praeter
1472 1945 1593 1986 Firn-

227 2014 436 2055 haberum
475 2015 519 2055 in
563 2021 748 2054 mentem
786 2016 970 2065 venisse;
1018 2015 1091 2054 sed
1133 2015 1216 2055 1100
1258 2016 1446 2070 expolito
1486 2017 1592 2057 nihil

225 2087 477 2142 proficimus
498 2086 554 2126 ad
573 2086 828 2127 servandum
855 2101 911 2127 vs.
939 2093 1206 2141 sequentem:
1238 2087 1292 2126 ad
1316 2101 1446 2142 quem
1468 2095 1592 2130 tuen-

228 2158 331 2198 dum
372 2157 549 2198 Bothius
585 2158 768 2197 affirmat
806 2158 1065 2198 mentionem
1105 2157 1345 2213 Antigonae
1386 2173 1474 2200 non
1510 2174 1594 2215 po-

226 2229 352 2269 tuisse
389 2228 548 2269 omitti:
588 2228 709 2283 quod
746 2229 968 2283 quomodo
1013 2228 1292 2269 demonstrari
1332 2230 1465 2285 possit
1502 2245 1591 2273 non

228 2300 401 2341 docuit:
436 2306 527 2340 tum
553 2299 774 2340 contendit
800 2300 1041 2355 significare
1069 2300 1273 2339 nuncium
1307 2318 1323 2337 1>
1341 2315 1477 2355 quum
1507 2316 1591 2359 ope

224 2372 364 2421 filiae,
409 2377 498 2411 tum
539 2371 760 2411 alacritate
795 2371 957 2425 pedum
988 2371 1111 2410 citius
1141 2370 1357 2411 advenisse
1388 2373 1592 2427 grandem

227 2449 333 2483 natu
373 2442 607 2498 reginam.''
659 2442 874 2481 Klotzius:
920 2441 1181 2481 »rectissime
1217 2441 1324 2482 haec
1366 2443 1587 2485 Bothius.⁷'

228 2514 318 2569 Ego
359 2513 447 2553 duo
488 2526 575 2552 non
618 2512 831 2567 intelligo:
876 2512 1087 2567 primum,
1135 2526 1211 2552 0111
1244 2512 1365 2553 obliti
1401 2515 1481 2555 sint
1513 2516 1590 2556 viri

227 2585 404 2638 optimi,
439 2584 656 2643 προσπίτνει
687 2583 731 2623 11.
763 2584 788 2622 l.
824 2597 911 2624 non
941 2597 1027 2624 csse
1057 2583 1262 2633 aduenit,
1297 2591 1410 2636 tum,
1445 2589 1588 2643 quod-

225 2669 326 2695 nam
368 2655 571 2695 auxilium
607 2654 819 2710 Antigone
861 2655 985 2695 matri
1027 2655 1298 2710 praestiterit:
1342 2671 1454 2713 quae
1483 2660 1590 2700 1111111

223 2726 363 2766 facere
389 2726 529 2782 potuit
562 2726 640 2767 nisi
678 2725 849 2766 dorsum
880 2725 1074 2767 locastae
1104 2726 1285 2781 pellere:
1326 2727 1441 2770 hanc
1476 2731 1587 2771 enim
