2020 3326
671 262 1230 306 COMMENTARIUS.
1550 267 1634 307 227

273 402 575 456 interpretatur
602 393 878 444 klotzius'gm'
909 401 1103 459 δώμασιν,
1137 404 1209 444 sed
1237 418 1324 445 non
1350 405 1467 445 dedit
1496 404 1630 445 exem-

271 474 344 529 pla
374 474 600 514 locutionis
628 473 784 529 βάλλειν
814 476 887 517 τινί
913 491 962 517 τι.
998 476 1112 516 llaec
1141 477 1320 517 contulit
1346 476 1630 517 Buttmannus

274 546 328 585 :ul
361 546 493 600 Sopli.
524 546 646 586 I’lez'l.
670 546 740 588 67.
784 548 815 588 εἰ
845 546 883 589 δ’
906 547 1060 609 ἐργάσει
1090 551 1141 606 μὴ
1175 553 1328 604 ταῦτα,
1362 549 1482 597 λύπην
1513 556 1629 591 πᾶσιν

270 618 451 678 Ἀργείοις
485 617 632 673 βαλεῖς.
678 633 792 674 quae
824 627 964 661 tamen
993 620 1218 670 differunt,
1257 622 1467 677 siquidem
1495 620 1629 676 βαλεῖς

272 691 316 731 id
352 698 412 731 est
455 691 575 746 quod
607 690 807 747 ἐμβαλεῖς.
851 693 1105 734 Dubitanter
1144 694 1328 734 coniicio
1370 693 1630 750 Sophoclem

271 763 482 818 scripsisse
513 763 666 819 καλεῖς,
698 771 744 804 ut
781 765 927 821 Eurip.
961 765 1131 806 Phoen.
1155 764 1255 806 918.
1287 768 1353 811 τὴν
1375 767 1495 823 τύχην
1517 767 1630 816 αὐτὸς

272 835 428 890 καλεῖς,
470 836 547 875 nisi
579 836 649 877 liic
689 837 863 877 Tiresias
892 838 1090 893 respiciat
1120 852 1180 877 vs.
1207 837 1308 879 853.
1356 840 1395 880 τί
1420 855 1467 895 με
1499 840 1628 888 καλεῖς

270 908 434 965 σπουδῇ.
473 922 620 949 revera
652 909 763 949 enirn
801 910 1051 950 arcessendo
1082 910 1237 950 Tiresia
1280 910 1417 952 Creon
1456 913 1630 953 arcessi-

271 981 328 1021 vit
368 987 547 1020 mortem
587 980 685 1020 filii:
738 995 762 1021 a
803 982 1004 1022 translata
1045 982 1356 1037 significatione
1402 990 1543 1025 tamen
1577 999 1630 1024 ne

271 1052 378 1093 illud
419 1052 594 1107 quidem
630 1053 754 1109 longe
786 1053 917 1093 abest.
964 1053 1014 1094 ln
1042 1067 1189 1103 versu,
1233 1054 1287 1094 de
1318 1069 1407 1110 quo
1440 1057 1626 1109 agimus,

271 1124 443 1180 requiro
474 1122 719 1180 ἐπιβάλλειν,
752 1132 798 1165 ut
824 1139 951 1180 supra
974 1124 1075 1165 954.
1107 1125 1285 1181 μελαιναν
1316 1127 1399 1187 κῆρ’
1422 1126 1481 1169 ἐπ’
1505 1131 1632 1184 ὄμμα-

269 1212 323 1238 σιν
364 1194 512 1251 βαλών.
565 1196 732 1237 Eleclr.
771 1197 895 1237 1221.
940 1195 1136 1252 ἐπιβαλὼν
1178 1201 1280 1259 φάρη
1322 1201 1464 1258 κόραις.
1514 1201 1631 1241 Talia

269 1282 358 1309 non
389 1268 639 1308 iniiciuntur
673 1267 738 1322 (ut
765 1267 902 1323 Soph.
931 1268 1085 1309 Tracle.
1113 1269 1212 1310 916.
1246 1269 1406 1327 δεμνίοις
1428 1297 1483 1301 —-
1505 1289 1630 1333 στρω-

269 1342 320 1382 τὰ
362 1339 585 1394 βάλλουσαν
615 1338 732 1399 φάρη)
779 1339 851 1379 sed
893 1339 1168 1382 obiiciuntur.
1221 1366 1278 1373 —
1318 1343 1368 1384 In
1404 1344 1522 1393 ἕλκεις
1553 1362 1631 1401 μα-

268 1415 445 1472 κρόπνουν
476 1415 582 1462 ζωάν
619 1412 779 1452 mireris
822 1411 963 1452 denuo
1006 1427 1091 1453 esse
1127 1414 1204 1469 qui
1245 1415 1422 1457 alteram
1462 1417 1630 1473 praefe-

267 1492 363 1526 rant
401 1485 628 1525 lectionem
668 1485 901 1544 μακρόπουν.
949 1486 1028 1534 ζωὴ
1060 1488 1275 1546 μακρόπους
1310 1494 1370 1528 est
1399 1490 1496 1529 vita
1533 1489 1632 1530 lon,

265 1560 338 1614 gis
364 1556 576 1612 pedibus,
612 1571 698 1597 non
730 1557 879 1597 tardis
902 1557 1117 1612 pedibus,
1158 1558 1280 1614 quod
1316 1559 1539 1615 Euripides
1565 1561 1630 1601 di-

266 1629 391 1669 xisset
413 1627 647 1688 βραδύπους.
683 1627 841 1669 Contra
871 1643 1006 1684 quum
1031 1632 1131 1672 πνεῖν
1159 1631 1209 1671 sit
1234 1633 1405 1680 vivere,
1440 1632 1631 1673 dicatur-

268 1715 355 1756 que
382 1700 528 1743 ἐκπνεῖν
560 1700 668 1757 βίον,
701 1701 950 1756 intelligitur
979 1702 1087 1756 quid
1117 1703 1167 1743 sit
1199 1705 1431 1763 μακρά-πνους
1461 1707 1556 1754 ζωή.

330 1773 453 1814 1554.
514 1772 619 1815 πόδα
658 1774 721 1816 σὸν
772 1773 996 1833 τυφλόπουν.
1060 1775 1151 1816 Hoc
1193 1790 1421 1832 perperam
1466 1777 1632 1817 confert

267 1845 461 1886 Klotzius
490 1860 588 1886 cum
619 1861 676 1888 vs.
711 1845 804 1887 185.
838 1846 1118 1907 μεγαλανοριάν
1147 1846 1390 1909 ὑπεράνορα)
1431 1848 1505 1888 ubi
1532 1848 1630 1889 vide

267 1924 356 1957 not.
388 1917 501 1958 Nihil
526 1919 638 1959 enim
662 1932 888 1959 commune
918 1919 1047 1959 habet
1074 1934 1154 1974 par
1181 1920 1490 1961 adiectivorum
1517 1934 1631 1960 com-

267 1989 525 2042 positorum,
570 1989 728 2044 quibus
764 1990 877 2030 idem
910 1989 1219 2032 substantivum
1249 1992 1375 2041 inest,
1413 2006 1509 2032 eum
1539 1991 1628 2040 ποὺς

268 2059 501 2117 τυφλόπους,
533 2061 654 2115 quod
685 2061 932 2116 Euripidem
964 2061 1148 2102 scribere
1178 2063 1365 2117 potuisse
1396 2070 1499 2104 tunc
1533 2078 1625 2104 cre-

267 2131 389 2181 dam,
423 2147 559 2187 quum
583 2130 775 2187 exempla
804 2138 890 2172 tam
912 2132 1056 2173 inertis
1083 2133 1297 2183 dictionis,
1324 2149 1461 2190 eaque
1486 2142 1627 2176 certae

264 2202 390 2251 fidei,
436 2203 565 2243 allata
599 2203 782 2243 fuerint:
822 2204 975 2244 etenim
1008 2204 1088 2244 hoc
1119 2205 1294 2259 quidem
1322 2206 1419 2247 loco
1444 2207 1628 2248 fluctuat

266 2275 417 2323 lectio,
461 2275 672 2330 multique
711 2274 806 2315 libri
840 2275 998 2316 liabent
1029 2275 1189 2335 τυφλόν,
1233 2277 1353 2332 quod
1384 2277 1500 2319 dicat
1531 2279 1627 2334 quis

266 2345 364 2386 oriri
406 2346 593 2401 potuisse
633 2360 683 2387 ex
725 2347 991 2387 correctione
1022 2361 1169 2388 eorum
1209 2349 1284 2403 qui
1315 2349 1420 2389 dicti
1449 2351 1628 2391 insolen-

266 2418 367 2458 tiam
407 2431 494 2458 non
527 2418 697 2458 ferrent.
753 2418 934 2461 Videtur
969 2418 1022 2459 ab
1062 2420 1266 2475 Euripide
1299 2434 1384 2461 esse
1423 2421 1529 2463 πόδα
1560 2423 1626 2464 σὸν

265 2489 516 2549 τυφλόπλουν,
541 2490 695 2545 pedem
718 2492 768 2530 in
791 2491 985 2530 tenebris
1011 2494 1328 2547 navigantem:
1354 2495 1454 2549 quia
1484 2495 1527 2535 in
1552 2510 1626 2551 pe-

266 2561 319 2602 de
345 2568 385 2601 et
414 2561 580 2602 incessu
611 2562 883 2616 frequentare
914 2562 1018 2602 solet
1041 2562 1170 2603 verba
1200 2563 1306 2606 πλεῖν
1317 2600 1333 2620 ,
1366 2565 1479 2614 πλοῦς
1491 2602 1507 2622 ,
1537 2583 1623 2608 ναυ-

267 2633 415 2693 κληρεῖν
445 2640 484 2673 et
511 2633 681 2673 similia:
716 2633 800 2674 vid.
830 2648 894 2674 ex.
921 2649 982 2690 gr.
1017 2634 1146 2675 Herc.
1168 2635 1273 2687 Far.
1309 2637 1433 2679 1424.
1462 2638 1624 2700 ἐρέσσων

265 2706 332 2747 σὸν
361 2703 480 2748 πόδα.
516 2703 614 2760 Iplz.
648 2703 752 2745 Aul.
796 2704 889 2745 139.
932 2712 972 2746 et
1013 2707 1110 2747 satis
1155 2708 1295 2749 audax
1341 2710 1384 2750 in
1430 2710 1620 2752 diverbio

268 2778 422 2835 Iltlezg„
447 2777 578 2819 Taur.
605 2776 701 2818 599.
730 2778 943 2822 ναυστολῶν
976 2780 1046 2828 τὰς
1078 2777 1291 2841 ξυμφοράς.
1331 2783 1427 2824 coll.
1451 2783 1621 2825 Phoen.
