2020 3326
366 307 446 345 152
771 296 1327 340 COMMENTARIUS.

365 442 435 482 τάν
458 437 740 495 παιδολέτειραν
772 432 951 493 εἵρξει,
980 431 1135 471 iunctis
1169 429 1280 490 εἵρξει
1302 436 1376 472 τῶν
1398 432 1506 491 ἱερῶν
1531 439 1731 490 ποταμῶν-

366 511 530 551 Etenim
571 506 807 548 necessario
847 504 953 543 haec
993 508 1189 558 spectant
1220 501 1517 552 Athenienses,
1555 511 1734 559 propter

366 596 415 622 ea
448 593 560 635 quae
590 581 913 633 praecesserunt
945 579 985 613 et
1016 573 1274 628 particulam
1302 568 1378 615 οὖν.
1430 574 1515 614 Nisi
1547 574 1734 615 obstaret

368 653 550 692 insolens
577 649 711 690 dictio
737 654 777 687 et
802 645 1065 687 constructio
1093 645 1200 703 ἱερῶν
1232 650 1415 701 ποταμῶν
1446 645 1468 690 ἢ
1501 646 1622 701 πόλις,
1648 645 1734 686 huc

367 723 593 763 admovere
617 732 761 776 posses
787 731 809 758 e
834 715 1124 757 Demosthenis
1150 715 1461 756 And1·0tc'0nea
1487 733 1530 772 p.
1552 717 1650 757 593.
1676 717 1732 757 R.

368 796 421 842 τίς,
462 795 541 853 γὰρ
586 792 632 833 ἂν
663 792 686 836 ὴ
719 789 822 850 φίλος
854 789 876 834 ὴ
909 786 1009 837 ξένος,
1040 788 1088 835 εἷς
1120 786 1238 829 ταύτό
1281 788 1364 829 ποτ’
1397 787 1525 830 ἐλθεῖν
1554 787 1739 836 ἠθέλησεν

368 866 476 922 siml,-
519 865 573 912 τίς
619 861 655 904 δ’
679 862 725 904 ἂν
770 861 871 902 εἴασε
914 858 1019 907 πόλις
1061 874 1132 900 που
1175 859 1265 917 παρ’
1310 858 1424 915 ἑαυτῇ
1467 859 1633 915 γενέσθαι
1676 860 1738 901 τὸν

368 941 530 980 τοιοῦτον
561 933 743 991 ἀσέβημα
779 931 965 974 δοκοῦντα
998 930 1212 989 εἰργάσθαι.

428 1009 528 1050 825.
577 1007 784 1049 κάλλιστον
816 1002 970 1052 ὄνειδος.
1016 1004 1176 1043 Partim
1208 1002 1294 1044 veri
1324 1002 1428 1043 vidit
1460 1001 1737 1042 Scholiastes:

370 1079 506 1129 ὄνειδος
538 1079 624 1137 μὲν,
655 1079 707 1127 ὡς
737 1076 779 1127 ἐξ
814 1075 977 1118 ὀδόντων
1010 1074 1219 1134 δράκοντος
1251 1074 1507 1130 γεννηθέντες,
1539 1073 1742 1116 κάλλιστον

371 1153 444 1209 δὲ,
487 1153 539 1201 ὡς
582 1151 817 1207 αὐτόχθονες
858 1147 922 1189 καὶ
958 1147 1146 1207 ανδρεῐοιε
1191 1145 1350 1200 quibus
1388 1152 1503 1185 recte
1543 1159 1642 1186 usus
1683 1151 1742 1185 est

374 1225 585 1264 Klotzius.
628 1222 812 1262 Omnino
842 1220 1014 1275 opinio,
1052 1231 1165 1273 quac
1196 1216 1341 1257 adhuc
1369 1216 1599 1272 plerosque
1630 1222 1743 1257 tenet

375 1309 427 1335 ac
454 1295 591 1334 lexica
628 1299 669 1332 et
700 1291 1028 1332 commentarios
1061 1294 1271 1343 occupat,
1310 1287 1619 1328 vocabulorum
1652 1290 1742 1329 ὄνει-

376 1365 472 1421 δος,
513 1368 659 1421 ὄνομα,
703 1367 831 1421 φήμη,
874 1359 1016 1415 κῦδος,
1059 1373 1171 1414 quae
1211 1359 1265 1398 ab
1297 1359 1417 1398 initio
1451 1358 1590 1398 media
1621 1358 1747 1398 fuisse

376 1437 496 1478 haud
527 1450 701 1491 negem,
744 1435 933 1490 μεσότητα
966 1432 1198 1471 etiamnum
1229 1430 1272 1469 in
1302 1435 1526 1484 poetarum
1557 1429 1746 1484 'reliquiis

376 1506 666 1564 deprehendi,
711 1505 820 1545 haec
850 1504 979 1560 igitur
1006 1501 1155 1557 opinio
1192 1500 1364 1540 tandem
1402 1499 1635 1554 aliquando
1667 1513 1747 1555 Op-

378 1581 616 1636 pugnanda
662 1583 743 1626 est,
794 1575 987 1631 quippe,
1041 1578 1087 1612 ut
1122 1571 1224 1611 mihi
1267 1571 1442 1625 quidem
1483 1571 1744 1626 persuadeo,

381 1665 431 1691 cx
472 1665 612 1691 errore
657 1655 698 1689 et
742 1648 854 1688 mala
898 1644 1204 1685 nonnullorum
1244 1642 1593 1697 interpretatione
1636 1648 1746 1681 orta.

381 1723 570 1771 Etenim,
624 1727 670 1760 ut
718 1719 821 1759 hinc
865 1716 1034 1763 ordiar,
1089 1714 1188 1753 licet
1240 1727 1477 1768 nusquam,
1533 1719 1745 1767 quantum

382 1793 486 1834 mihi
525 1791 731 1840 innotuit,
768 1789 825 1829 ab
861 1784 1164 1842 scriptoribus,
1208 1784 1283 1838 qui
1319 1790 1565 1838 supersunt,
1614 1784 1747 1823 tradi-

384 1870 475 1903 tum
522 1864 572 1903 sit
618 1862 871 1917 Spartorum
924 1857 1129 1911 originem
1184 1854 1394 1894 Thebanis
1448 1853 1750 1909 exprobratam

384 1935 535 1984 fuisse,
569 1934 657 1975 veri
689 1939 831 1972 tamen
861 1928 1119 1969 simillimum
1150 1932 1209 1965 cst
1239 1939 1566 1979 nonnumquam
1596 1938 1667 1964 eos
1697 1924 1751 1964 ab

385 2006 592 2054 inimicis,
636 2004 701 2045 vel
735 2017 757 2042 a
797 2000 980 2041 Comicis
1031 1998 1075 2037 in
1111 2003 1197 2036 tam
1239 1996 1453 2051 frequenti
1494 1996 1753 2035 Boeotorum

388 2077 574 2132 stuporis
614 2074 809 2116 convicio
855 2070 1062 2112 audivisse
1119 2070 1316 2124 γηγενεῖς,
1377 2069 1497 2107 cuius
1550 2066 1751 2107 vocabuli

391 2162 505 2203 quae
535 2148 594 2188 vis
624 2147 673 2186 sit
706 2149 887 2200 apparet
918 2156 940 2181 e
968 2154 1091 2182 versu
1124 2139 1244 2195 apud
1269 2138 1422 2178 Athen.
1447 2139 1498 2177 X.
1523 2153 1566 2193 p.
1585 2137 1686 2178 443.
1714 2151 1750 2178 e.

392 2218 546 2273 βῶλος,
587 2218 774 2277 ἄροτρον,
816 2215 973 2271 γηγενὴς
1014 2212 1245 2269 ἅνθρωπος,
1288 2216 1328 2249 et
1367 2223 1417 2249 ex
1458 2209 1752 2249 Romanorum

380 2289 565 2345 fungus
592 2295 632 2328 et
664 2294 816 2328 terrae
835 2285 995 2341 filiu-5,
1029 2283 1082 2322 de
1112 2296 1201 2337 quo
1233 2281 1320 2322 vid.
1352 2281 1513 2320 Erasm.
1540 2280 1582 2319 in
1607 2279 1753 2335 Adag.

393 2360 509 2412 Quid
536 2358 657 2414 quod
686 2358 730 2398 in
757 2356 916 2412 Suppl.
941 2353 1039 2396 579.
1072 2353 1256 2393 Theseus
1283 2351 1338 2391 ad
1363 2364 1621 2406 praeconem
1645 2350 1754 2389 The-

390 2430 603 2470 banorum
629 2443 726 2469 cum
753 2428 964 2468 irrisione:
999 2425 1053 2473 τίς
1087 2423 1123 2465 δ’
1148 2423 1189 2465 ἐκ
1227 2422 1434 2482 δράκοντος
1465 2422 1602 2480 θοῦρος
1623 2420 1670 2461 ἂν
1689 2421 1753 2476 γε’-

390 2501 475 2543 vot&
512 2500 664 2560 ”Αρης,·
707 2498 915 2539 adludens
948 2497 1074 2553 λόγχῃ
1105 2499 1295 2554 σπαρτῷ,
1337 2507 1469 2548 quam
1496 2504 1656 2547 praeco
1687 2505 1755 2531 os-

393 2579 644 2612 tentaverat.
673 2571 827 2624 Itaque
851 2575 966 2609 recte
993 2568 1191 2608 Barthius
1215 2567 1270 2606 ad
1287 2564 1408 2605 Statii
1436 2562 1561 2602 Theb.
1578 2561 1633 2601 II.
1653 2561 1754 2603 573.

398 2641 615 2697 (Theron)
650 2644 906 2697 terrigenas
937 2638 1176 2694 confessus
1208 2650 1344 2677 avos:
1381 2633 1542 2673 »docte
1574 2631 1750 2687 (inquit)

392 2712 478 2752 hoc
512 2712 700 2761 dictum,
734 2725 833 2751 cum
864 2710 1088 2765 aliquoties
1120 2714 1246 2748 terra
1270 2707 1449 2763 genitos
1480 2702 1565 2742 dici
1594 2702 1757 2758 ignobi-

395 2783 522 2823 litatis
564 2782 657 2822 sit.’'
714 2782 847 2821 Porro
894 2780 1126 2820 tenendum
1165 2785 1224 2818 est
1270 2775 1455 2817 dubitari
1498 2787 1585 2814 non
1635 2787 1754 2829 posse
