2020 3326
398 248 479 289 120
683 236 687 237 ’
798 241 1361 285 COMMENTARIUS.

456 383 559 424 451.
605 382 655 431 ὡς
686 380 783 439 ἀμφὶ
815 380 923 436 τείχη
964 377 1029 419 καὶ
1071 376 1282 437 ξυνωρίδας
1311 377 1437 434 λόχων
1477 379 1644 422 Τάσσων
1677 379 1764 422 ἑπε-

388 441 495 512 7σχον
527 454 646 495 πόλιν.
684 453 857 506 Longae
885 449 1186 505 disputationis
1211 449 1465 489 Klotzianae
1490 450 1561 490 hic
1591 451 1685 491 finis
1707 458 1767 492 est

403 533 449 566 ut
477 526 630 565 doceat
649 523 803 563 horum
827 520 1055 562 verborum
1075 520 1439 561 constructionem
1462 535 1567 562 esse:
1597 522 1647 570 ὡς
1678 522 1765 563 ἐπέ-

400 614 495 653 σχον
527 599 681 637 τάσσων
713 591 923 652 ξυνωρίδας
957 593 1081 649 λόχων
1113 590 1210 651 ἀμφὶ
1242 592 1352 648 τείχη
1384 591 1448 633 καὶ
1482 592 1603 635 πόλιν.
1649 593 1769 634 Idem

402 670 486 708 iam
524 672 760 707 tentaverat
798 664 1078 712 Matthiaeus,
1121 677 1251 719 quem
1284 670 1425 704 tamen
1455 678 1617 705 summa
1649 665 1767 704 duri-

402 740 477 779 ties
519 737 848 778 constructionis
888 735 1127 776 absterruit.
1180 734 1296 786 Quid
1343 741 1485 775 autem
1519 736 1769 777 lucramur?

397 809 494 869 ἀμφὶ
538 810 647 866 τείχη
689 807 753 850 καὶ
786 807 921 863 πόλιν,
964 821 1077 862 quae
1118 806 1225 861 quid
1264 806 1462 846 differant
1501 821 1586 848 non
1626 807 1766 849 video.

401 883 587 937 l'vlagisne
620 880 809 936 prudens
841 886 900 919 est
933 879 1009 933 qui
1043 878 1143 918 talia
1186 879 1453 918 committens
1489 879 1645 919 tradita
1684 893 1771 920 ver-

400 954 455 994 ba
497 951 784 1008 superstitiose
814 956 1051 998 reveretur,
1092 964 1227 1004 quam
1258 950 1333 1004 qui
1366 949 1532 1004 aliquid
1562 950 1770 990 mutando

400 1025 651 1065 sententiam
681 1022 893 1063 restituit?
938 1022 1091 1061 Pulcra
1139 1022 1388 1061 coniectura
1420 1028 1480 1061 est
1510 1021 1766 1062 Hermanni:

402 1095 612 1156 ξυνωρίδας
645 1095 791 1137 πυλῶν.
837 1093 923 1134 Aut
957 1093 1070 1133 hanc
1102 1093 1303 1147 amplecti
1330 1098 1500 1147 oportet
1531 1099 1603 1133 aut
1629 1094 1773 1134 locum

401 1170 481 1209 alia
524 1167 874 1223 interpretatione
906 1164 1129 1220 expedire:
1172 1166 1387 1219 quoniam
1421 1164 1582 1204 destiti
1611 1164 1666 1204 ab
1697 1179 1768 1205 or-

401 1240 620 1280 dinandis
653 1239 784 1279 rebus
816 1237 941 1277 urbis
974 1239 1096 1276 circa
1129 1251 1279 1277 muros
1312 1242 1354 1277 et
1386 1236 1589 1276 cohortes
1620 1236 1770 1292 dupli-

402 1327 496 1361 ces,
525 1312 552 1351 i.
581 1325 616 1350 e.
648 1325 785 1365 quum
816 1314 1060 1363 occupatus
1092 1323 1231 1348 essem
1262 1311 1311 1348 in
1342 1308 1599 1348 muniendis
1629 1312 1771 1349 muris

399 1389 442 1424 et
477 1381 750 1424 ordinandis
782 1380 1037 1420 cohortibus
1069 1379 1340 1434 duplicibus-

459 1454 545 1494 459
561 1468 624 1508 sq.
658 1454 854 1510 Γοργόνος.
889 1450 1174 1490 Hermannus:
1210 1450 1353 1490 »Libri
1380 1451 1577 1510 Γοργόνος.
1611 1451 1771 1491 Brunc-

399 1525 497 1565 kius
527 1532 568 1565 et
599 1525 811 1564 Porsonus
846 1524 1042 1580 Γοργοῦς,
1077 1522 1377 1563 Valckenaerii
1408 1522 1616 1562 iudicium
1646 1536 1769 1562 secu-

402 1597 454 1645 ti,
488 1597 564 1651 qui
597 1596 674 1636 sibi
707 1596 885 1650 aliisque
917 1594 1112 1634 fraudem
1142 1593 1263 1642 fecit,
1310 1608 1444 1648 quum
1478 1595 1645 1654 Γοργοῦς
1675 1596 1773 1634 seri-

399 1668 528 1722 psisse
545 1667 650 1707 dixit
669 1666 918 1721 Euripidem
937 1665 1202 1720 ubicumque
1228 1666 1347 1705 metri
1366 1666 1567 1706 modulus
1582 1666 1769 1706 Atticam

401 1741 583 1779 formam
609 1752 695 1778 non
724 1744 957 1794 respueret.
991 1737 1033 1776 Si
1058 1737 1226 1777 vidisset
1254 1737 1397 1776 secisse
1427 1737 1471 1777 id
1498 1738 1766 1792 Euripidem,

400 1809 473 1850 ubi
505 1816 686 1849 metrum
715 1815 754 1849 et
783 1808 1007 1849 verborum
1041 1808 1295 1862 compositio
1322 1809 1558 1862 postularet
1583 1808 1770 1849 Atticam

399 1882 602 1930 sormam,
638 1881 760 1921 aliter
791 1880 1062 1919 iudicasset.’'
1089 1903 1146 1909 -—
1171 1879 1287 1919 Haec
1316 1880 1491 1919 fortasse
1519 1893 1617 1920 vera
1649 1887 1767 1919 sunt:

398 1967 666 2008 quamquam
689 1952 760 1992 hic
787 1952 925 2000 loeus,
954 1951 1031 1990 nisi
1060 1950 1207 2000 fallor,
1240 1951 1392 1991 unicus
1414 1957 1473 1991 est
1500 1965 1629 2005 quem
1652 1957 1770 1991 utra—

399 2038 486 2079 que
527 2024 709 2064 nominis
751 2023 885 2062 forma
927 2035 1146 2077 occupare
1178 2022 1327 2076 possit:
1371 2028 1410 2062 et
1441 2023 1510 2063 vix
1540 2021 1642 2062 mihi
1674 2036 1771 2077 per-

398 2095 559 2135 suadeo
592 2095 754 2135 bonum
781 2100 952 2149 poetam
978 2093 1073 2148 cogi
1109 2093 1317 2147 potuisse,
1350 2093 1539 2133 intanta
1579 2093 1771 2134 variandi

397 2167 626 2215 facultate,
662 2172 707 2206 ut
740 2165 878 2205 minus
910 2165 1107 2204 usitatam
1140 2164 1320 2204 formam
1352 2165 1540 2219 aliquam
1574 2164 1770 2204 admitte-

396 2244 472 2277 ret.
512 2237 678 2286 Veluti,
717 2236 838 2292 quod
869 2236 911 2276 in
951 2235 1130 2284 Oreste,
1159 2250 1216 2275 vs.
1248 2236 1371 2276 1521.
1404 2236 1571 2291 scripsit
1602 2236 1769 2290 Euripi·

397 2309 491 2349 des:
524 2312 576 2365 μὴ
610 2309 677 2366 μὲν
707 2304 768 2350 οὖν
797 2310 946 2367 νεκρός·
984 2308 1026 2349 τὸ
1058 2308 1225 2365 Γοργοῦς
1257 2305 1293 2348 δ’
1326 2307 1367 2349 οὐ
1401 2307 1549 2349 κάτοιδ’
1582 2307 1660 2364 ἐγὼ
1691 2310 1767 2348 κά-

394 2397 470 2436 ρα,
509 2387 701 2436 poterat:
736 2382 787 2435 μὴ
826 2380 893 2436 μὲν
926 2375 986 2421 οὖν
1016 2381 1165 2439 νεκρός·
1202 2378 1371 2421 κάτοιδα
1405 2378 1441 2421 δ’
1465 2379 1551 2436 οὐχὶ
1587 2380 1768 2438 Γοργόνος

396 2456 531 2511 κάρα,
573 2453 638 2493 vel
670 2452 843 2491 melius:
890 2465 988 2491 cum
1019 2451 1224 2506 Euripide
1257 2451 1368 2491 enim
1405 2465 1491 2491 non
1533 2450 1766 2490 contendo.

398 2523 481 2562 Sed
504 2524 620 2563 huno
645 2522 821 2563 Orestis
849 2522 991 2562 locum
1021 2522 1232 2562 dimittere
1259 2535 1429 2576 nequeo
1457 2521 1543 2561 sine
1570 2520 1764 2560 animad—

395 2594 598 2634 versione.
639 2593 825 2648 Rogavit
856 2594 966 2632 enim
994 2592 1161 2633 Orestes
1194 2593 1405 2648 Phrygem
1455 2605 1591 2630 »num
1623 2591 1767 2631 timeat

393 2677 447 2704 ne
474 2664 580 2718 lapis
610 2664 709 2712 fiat,
741 2665 864 2719 quasi
894 2664 1133 2719 Gorgonem
1161 2663 1354 2705 viderit.'’
1386 2662 1463 2703 Cui
1491 2661 1561 2701 hic
1589 2675 1764 2716 respon-

395 2735 465 2775 det
507 2748 620 2789 quae
660 2748 782 2775 rersu
819 2734 947 2774 modo
989 2735 1148 2775 collato
1197 2735 1483 2774 continentur.
1539 2733 1610 2772 His
1656 2733 1762 2773 Her-
