2020 3326
512 262 1075 305 COMMENTARIUS.
1412 265 1490 308 175

112 403 243 444 haba
273 402 458 443 consilii:
486 401 641 441 etenim
669 413 803 441 wacca
832 400 1005 441 demum
1033 400 1237 442 adiuncta
1266 401 1493 458 peificitm·

114 477 243 532 plane
288 474 525 516 necessaria
568 472 720 528 σημείου
762 473 1051 528 significatio,
1104 489 1238 529 quam
1287 474 1494 555 explicuit

118 548 225 587 alius
256 547 519 588 Sclioliastzzi
549 545 678 586 οἰκεῖον
711 543 755 586 οὲ
788 544 806 585 ὁ
840 545 1002 601 Ιππομέ
988 543 1079 588 οων
1114 562 1208 594 oms
1213 549 1264 588 ἴον
1297 547 1375 602 εἶχε
1360 563 1396 587 ν
1428 563 1494 603 εγ-

116 636 157 675 γε
161 635 315 678 γραυυε
301 621 402 660 ’νον·
439 618 488 666 εἰς
521 619 598 678 γὰρ
631 621 827 675 τεκμήριον
860 633 927 665 τκς
961 619 1148 678 πατρίοος
1171 621 1324 675 σημεῖον
1346 618 1495 661 στικτὸν

117 695 220 751 ἔφερε
261 697 326 739 τῆς
372 690 549 749 Ἀργείας
593 689 680 744 βοὸς
723 689 891 748 φύλακα.
962 690 1252 741 Quamobrem
1300 691 1496 732 concedo

117 765 293 819 quidem
325 764 590 811 Hermanno,
627 776 793 803 versum
822 762 1009 802 deficere
1037 763 1193 804 videri:
1227 763 1291 802 his
1316 777 1417 805 vero
1443 763 1496 803 si-

116 836 241 876 nibus
281 850 377 875 eum
421 836 546 875 fuisse
587 834 792 875 arbitror:
835 835 989 893 φύλακα
1022 859 1137 864 ——-—
1171 834 1350 894 Ἀργείας
1382 833 1509 890 βοόςε»

115 921 312 962 quocum
354 913 454 963 apte
495 906 741 946 conferetur
782 920 832 946 ex
868 906 1067 962 Aeschyli
1103 906 1264 963 Suppl.
1292 906 1395 948 299.
1435 907 1498 949 τὸν

121 979 244 1020 πάνθ’
277 979 427 1039 ὁρῶντα
459 978 594 1038 φύλακ’
630 978 836 1026 ἐπέστησεν
869 976 948 1033 βοΐ.
983 1003 1041 1008 —-
1077 978 1315 1033 Sequentes
1356 992 1500 1020 versus

119 1051 300 1091 maxime
344 1051 580 1091 admodum
626 1057 886 1091 vexaverunt
926 1051 1198 1105 interpretes:
1244 1050 1297 1090 de
1341 1050 1500 1105 quibus

125 1123 206 1163 boc
236 1129 352 1163 recte
378 1123 666 1163 Hermannus:
706 1140 721 1158 »
740 1136 833 1162 eam
860 1122 1090 1178 imaginem
1117 1122 1245 1162 talem
1274 1122 1399 1162 fuisse
1425 1136 1502 1162 ne-

125 1208 238 1234 cesse
270 1200 352 1243 est,
398 1200 444 1234 ut
478 1208 557 1249 per
598 1200 735 1233 totum
777 1207 936 1248 corpus
977 1193 1048 1233 alii
1083 1193 1199 1233 oculi
1232 1193 1389 1243 clausi,
1432 1193 1503 1233 alii

123 1267 261 1322 aperti
293 1265 614 1306 cernerentur.''
665 1265 800 1304 Minus
830 1271 947 1304 recte
977 1264 1086 1304 hoe:
1133 1265 1300 1320 »idque
1333 1278 1412 1305 cur
1443 1265 1504 1305 ita

123 1338 289 1393 pictum
328 1344 433 1377 esset
472 1343 518 1377 ut
558 1336 799 1376 declararet
836 1336 988 1385 Poeta,
1035 1335 1194 1376 adiecit
1232 1336 1365 1384 illud,
1412 1336 1504 1376 aliis

121 1409 284 1465 Argum
314 1408 450 1449 oeulis
478 1415 637 1457 noctu,
677 1408 768 1447 aliis
797 1407 982 1447 interdiu
1015 1421 1102 1448 esse
1130 1408 1297 1448 usum.”
1337 1408 1504 1448 Etenim

124 1495 261 1535 quum
293 1480 562 1520 Hermannus
602 1493 690 1519 non
732 1479 930 1519 admittat
966 1478 1129 1536 Argum
1164 1480 1208 1520 in
1241 1479 1375 1520 altero
1408 1493 1505 1520 eor-

124 1552 241 1607 poris
271 1552 403 1592 latere
434 1557 605 1606 apertos
636 1552 788 1592 oeulos
816 1550 1040 1599 habuisse,
1075 1550 1118 1592 in
1150 1552 1283 1592 altero
1316 1552 1501 1601 clausos,

126 1623 348 1679 quomodo
391 1623 566 1663 tandem
605 1623 737 1663 Poeta
776 1623 822 1663 id
863 1623 985 1678 quod
1023 1624 1292 1665 Hermannus
1328 1625 1504 1665 coniicit

124 1695 367 1751 significare
405 1695 643 1750 potuisset?
694 1695 788 1735 Hoc
827 1701 941 1735 certe
975 1709 1124 1736 vereor
1158 1709 1211 1735 ne
1244 1710 1332 1736 non
1363 1696 1504 1737 lucre-

123 1781 220 1808 mur
241 1767 450 1807 mutando
478 1765 672 1821 βλέποντα
695 1768 739 1809 in
759 1767 950 1823 κλάοντα,
973 1768 1096 1823 quod
1120 1768 1247 1808 suasit
1266 1767 1500 1816 semlerus,

127 1840 386 1894 scripsitque
424 1839 705 1880 Hermannus.
774 1840 882 1881 Sunt
926 1840 1038 1880 enim
1081 1846 1155 1880 aut
1199 1839 1333 1880 otiosa
1375 1838 1507 1880 verba

128 1909 195 1951 σὺν
227 1914 377 1971 ἄστρων
411 1909 642 1954 ἐπιτολαῖσιν
674 1918 715 1952 et
747 1910 933 1954 δυνόντων
967 1914 1065 1968 μέτα
1080 1946 1096 1966 ,
1141 1917 1213 1951 aut
1251 1910 1418 1966 aliquid
1450 1910 1506 1951 si-

128 1981 357 2037 gnificant:
390 1989 529 2023 sumto
562 1990 730 2032 autem,
765 1990 810 2023 ut
840 1997 920 2039 par
947 1990 1029 2032 est,
1066 1983 1233 2038 aliquid
1263 1982 1506 2038 significare

129 2059 170 2092 et
211 2053 407 2094 consulto
449 2055 610 2110 scripta
641 2068 750 2103 esse,
793 2068 965 2095 necesse
998 2061 1058 2095 est
1090 2061 1137 2095 ut
1169 2054 1302 2094 relata
1335 2054 1417 2094 sint
1450 2053 1507 2095 ad

130 2123 360 2179 imaginem
395 2124 639 2180 Panoptae:
685 2126 833 2180 itaque
865 2127 1007 2182 imago
1037 2125 1111 2166 illa
1145 2126 1278 2166 altero
1313 2126 1507 2181 corporis

131 2196 263 2235 latere
308 2196 543 2245 orientem,
602 2197 736 2236 altero
780 2197 1052 2238 occidentem
1095 2197 1342 2252 spectabat:
1387 2197 1508 2237 aliter

136 2267 248 2307 enim
277 2281 420 2322 neque
446 2268 596 2308 artifex
626 2268 838 2317 indicare,
873 2283 1017 2324 neque
1047 2275 1265 2324 spectator
1290 2268 1506 2309 discerne-

131 2352 176 2378 re
201 2345 374 2393 poterat
401 2339 581 2394 quinam
607 2339 723 2379 oculi
750 2339 935 2380 interdiu
964 2340 1181 2389 viderent,
1208 2346 1248 2380 et
1272 2339 1331 2380 sie
1358 2353 1506 2395 porro.

134 2411 245 2450 Hinc
292 2412 413 2466 sequi
464 2410 663 2459 videtur,
722 2410 903 2451 admisso
947 2412 1118 2454 κλείοντος
1173 2411 1343 2467 vigilem
1386 2411 1509 2452 illum

132 2496 279 2523 omnes
322 2482 472 2522 oculos
518 2483 684 2523 clausos
731 2482 996 2523 habiturum.
1054 2483 1224 2524 Obiecit
1263 2483 1508 2524 Hermanno

134 2554 331 2594 Klotzius
360 2554 531 2596 κλείοντα
567 2560 657 2594 tum
692 2553 865 2594 demum
894 2568 1043 2595 verum
1075 2556 1187 2603 fore,
1228 2554 1260 2594 si
1289 2554 1372 2596 vivi
1403 2554 1508 2610 Argi

135 2626 468 2681 descriptionem
497 2627 672 2667 faceres.
711 2625 806 2666 Non
836 2625 985 2666 credo:
1016 2633 1106 2667 tum
1136 2626 1247 2667 enim
1275 2625 1508 2666 dicendum

136 2704 259 2738 esset:
286 2698 401 2738 oculi
427 2698 563 2754 vigilis
588 2697 744 2752 partim
771 2697 1006 2738 orientibus
1032 2698 1151 2738 astris
1181 2697 1503 2754 aperiebantur,

136 2768 435 2810 occidentibus
474 2768 820 2817 claudebantur,
864 2770 1020 2824 partim
1051 2768 1351 2811 occidentibus
1388 2770 1508 2810 astris
